5084 6434
486 704 597 803 [9⁸⁶]
1143 702 1418 777 sostratae.
1998 702 2063 774 tar

482 899 615 953 nostrae
650 884 798 952 innotuit
829 883 1014 961 serenitati,
1036 879 1291 981 suggerentibus
1313 884 1427 978 itaque
1450 906 1488 951 ac
1508 876 1809 951 intersenientibus
1836 878 1963 952 dilectis
1988 879 2068 953 iide-

482 1003 570 1075 libus
584 1006 720 1085 nostris,
739 1003 894 1075 videlicet
906 1002 1100 1075 dulcissima
1117 1007 1263 1099 conjuge
1277 1004 1401 1075 Emma
1415 1017 1517 1100 atque
1532 1001 1678 1097 Hugone
1694 1000 1968 1072 excellentissimo
1980 1001 2068 1074 duce

482 1129 688 1222 egregiisque
708 1122 898 1221 presulibus
913 1123 1082 1195 Alberone
1093 1123 1309 1207 ttemensis‘t,
1327 1123 1514 1203 l⁸Gibuino
1525 1121 1803 1201 Cabilonensisffl.
1820 1124 1916 1219 quod
1926 1149 1988 1220 pro
2003 1124 2067 1197 Dei

482 1250 725 1345 omnipotentis
738 1241 886 1318 amerel'l
902 1261 936 1316 et
952 1245 1068 1318 summ
1088 1246 1242 1343 ejusdem
1258 1249 1524 1344 congregationis
1544 1246 1695 1318 cavendo
1710 1245 1877 1343 periculo.
1894 1273 1937 1317 ne
1952 1246 2067 1344 aliqua

482 1396 714 1442 successorum
732 1395 872 1440 suorum
890 1384 948 1441 aut
963 1368 1164 1440 secularium
1181 1395 1404 1467 personarum
1416 1368 1623 1464 neglegentia
1638 1368 1688 1438 vel
1705 1371 1865 1465 parcitate
1880 1368 1965 1440 ordo
1980 1372 2015 1439 in
2028 1395 2067 1442 ea
2106 1375 2122 1438 i

481 1494 561 1565 sede
570 1505 837 1564 commemorata
852 1489 974 1562 branis
983 1489 1194 1587 temporibus
1201 1489 1445 1588 perturbaretl‘l
1455 1494 1652 1571 canonicus,
1663 1491 1837 1586 quandam
1848 1505 2064 1587 potestatem,

481 1615 676 1712 spedonam
698 1617 852 1694 nomine,
867 1639 948 1684 curn
964 1613 1137 1690 l⁸ecclesia
1154 1614 1332 1687 inhonore
1347 1617 1452 1685 sancti
1470 1613 1564 1684 beati
1581 1612 1690 1684 dicata
1705 1638 1745 1684 ac
1761 1612 1874 1683 villam
1901 1611 2066 1684 vocabulo

481 1736 644 1807 Macerias
657 1762 737 1805 cum
753 1738 848 1806 terris
866 1735 964 1805 cultis
976 1750 1009 1805 et
1025 1735 1176 1815 incultis,
1191 1739 1311 1814 vineis,
1321 1736 1426 1816 silvis,
1440 1734 1660 1815 molendinis,
1672 1738 1791 1832 pratis,
1802 1738 1951 1833 pascuis,
1962 1739 2066 1832 pisca·

482 1863 554 1938 riis,
568 1862 665 1954 aquis
676 1876 885 1954 aquarumve
902 1856 1099 1929 decursibus
1110 1873 1144 1928 et
1163 1884 1244 1929 cum
1264 1858 1425 1929 omnibus
1443 1855 1528 1928 inibi
1534 1861 1625 1953 juste
1645 1856 1862 1952 legaliterque
1879 1861 2065 1954 aspicienti·

482 1981 676 2077 bus‚qua1n
687 1981 777 2052 idem
787 1978 972 2076 prelibatus
981 1980 1095 2076 presul
1105 1975 1497 2078 Elysiadusanqopet‘l
1506 1979 1569 2051 Dei
1579 1979 1718 2059 ductus.
1731 1996 1901 2050 tamasuo
1918 1981 1947 2057 {⁶
1959 2007 2064 2075 quam
2088 2014 2121 2051 ιιι

481 2131 499 2172 a
522 2129 753 2174 successorum
776 2127 917 2173 suorum
942 2102 1096 2173 dominio
1118 2102 1289 2183 auferens,
1313 2106 1348 2173 in
1369 2102 1510 2173 fratrum
1526 2117 1639 2191 sancte
1663 2101 1789 2172 Mariae
1805 2100 1952 2198 praelate
1978 2102 2065 2174 sedis

481 2225 646 2319 delegavit
668 2251 763 2302 usus.
790 2250 851 2319 per
872 2223 939 2295 boc
960 2224 1070 2318 regale
1091 2241 1289 2321 preceptum
1314 2223 1423 2295 stabili
1441 2228 1521 2320 jure
1540 2227 1587 2294 eis
1611 2224 1885 2296 wnoederemus.
1912 2223 2064 2296 preterea

480 2346 655 2417 humiliter
683 2361 856 2417 exorantes
880 2349 1050 2443 petienmt
1072 2361 1110 2416 ut
1137 2372 1199 2443 pro
1224 2347 1341 2419 divino
1367 2350 1491 2417 intuitu
1518 2362 1551 2416 et
1576 2372 1639 2442 pro
1667 2350 1771 2441 ipsius
1798 2349 2065 2441 congregationis

479 2470 627 2542 cavenda
646 2472 840 2539 necessitate
859 2474 1003 2539 avorum
1018 2485 1213 2539 nostrerum
1235 2469 1262 2545 l⁷
1277 2485 1433 2566 precepta
1449 2494 1566 2563 regum
1585 2495 1624 2539 ex
1638 2468 1813 2564 stipendiis
1833 2472 1985 2564 ipsorum
2003 2467 2020 2537 s
2053 2510 2065 2521 -

480 2607 589 2671 uum,
607 2616 696 2686 quae
718 2594 753 2660 in
777 2589 1022 2661 membranulis
1047 2594 1277 2662 vetustissimis
1300 2588 1561 2662 continebantur
1581 2594 1718 2670 inserta.
1742 2595 1776 2659 in
1798 2590 1901 2686 hujus
1922 2617 2065 2686 corpore
2088 2599 2120 2654 ιδ

480 2717 630 2809 precepti
649 2710 793 2783 breviter
817 2712 1028 2783 accumulata
1052 2713 1152 2806 regali
1177 2718 1374 2784 auctoritate
1400 2711 1717 2784 reconfirmaremus
1738 2713 1782 2784 ad
1802 2716 1984 2804 integrum.
2007 2711 2064 2783 Ob

478 2835 674 2906 sanititatem
690 2851 803 2906 tamen
819 2834 987 2929 religionis
1002 2838 1096 2932 petiit
1112 2851 1319 2906 memoratus
1334 2835 1524 2932 Elysiardus
1537 2837 1715 2930 episcopus
1735 2835 1764 2909 l⁸
1777 2850 1814 2903 ut
1832 2850 1862 2903 et
1878 2835 2062 2905 claustrum

479 2960 582 3054 ipsius
592 2960 969 3052 congregationis.sicut
984 2955 1027 3027 ab
1042 2983 1104 3026 avo
1121 2973 1236 3028 nostm
1247 2984 1322 3051 rege
1341 2957 1478 3035 barolo,
1494 2956 1701 3053 supplicante
1720 2955 1890 3026 Teudulso
1910 2955 2062 3049 ejusdem

477 3078 542 3148 loci
566 3083 740 3176 episcopo.
757 3079 997 3150 confirmatum
1014 3077 1107 3156 θείω),
1120 3083 1198 3176 jure
1225 3095 1388 3177 perpetuo
1411 3106 1449 3149 ae
1472 3077 1580 3148 stabili
1605 3079 1724 3149 ordine
1747 3077 2061 3157 corroboraremus.

478 3227 548 3297 quo
566 3201 694 3298 absque
709 3201 810 3272 ullius
825 3201 1060 3297 inquietudine
1077 3217 1145 3271 tam
1162 3205 1266 3297 ipsius
1281 3202 1369 3272 sedis
1384 3204 1533 3298 episcopi
1555 3226 1660 3295 quam
1678 3201 1820 3270 aliarum
1839 3225 2061 3295 persenserunt
2085 3234 2119 3270 ιο

477 3326 584 3394 securi
616 3326 644 3400 l⁹
662 3327 812 3394 viverent
838 3339 870 3393 et
897 3327 1131 3419 unusquisque
1156 3328 1339 3396 canonicus
1367 3349 1462 3393 suam
1487 3326 1661 3419 propriam
1688 3323 1831 3393 domum
1859 3348 1938 3393 cum
1967 3326 2062 3392 omni

478 3445 663 3516 substantia
685 3446 764 3517 dare
792 3446 841 3516 vel
863 3446 1008 3516 vendere
1033 3446 1138 3516 valeat
1161 3450 1367 3544 cuicumque
1390 3446 1533 3516 voluerit
1555 3461 1686 3517 tantum
1712 3472 1750 3515 ex
1775 3443 1947 3523 fratribus,
1974 3445 2063 3516 velut

477 3572 698 3638 constituturis
716 3583 800 3638 esta
816 3571 933 3664 priscis
956 3568 1178 3664 temporibus.
1202 3569 1269 3642 Nos
1291 3595 1372 3640 vero
1392 3572 1544 3666 petitioni
1568 3594 1706 3647 eorum,
1730 3571 1811 3664 quia
1831 3571 2013 3639 necessaria
2032 3583 2064 3638 et

478 3688 684 3759 rationabilis
693 3704 778 3766 emt,
793 3715 965 3760 assensum
980 3689 1173 3786 prebentes,
1190 3692 1233 3767 l¹⁰
1241 3690 1340 3761 velud
1355 3689 2062 3787 postulaverintberiadjudicasimusqua-

477 3814 567 3880 tinus
576 3811 849 3882 nullaoocasione
858 3839 921 3882 nec
930 3811 1140 3908 reipublicae
1149 3816 1283 3885 servitio
1291 3817 1473 3909 quisquam
1482 3839 1519 3882 cs
1531 3810 1780 3882 successoribus
1787 3836 1845 3880 seu
1858 3809 2062 3880 mordacibus
2084 3830 2118 3880 ιι

477 3936 630 4027 personis
649 3931 919 4028 inpedimentum
940 3936 973 4003 in
994 3933 1109 4006 futuro
1128 3938 1175 4004 eis
1194 3932 1319 4006 inserte
1336 3937 1512 4031 potuisset.
1529 3958 1592 4029 pro
1610 3959 1680 4028 quo
1698 3959 1716 4002 a
1733 3936 1784 4002 sia
1811 3932 2018 4003 rectitudinis
2029 3948 2062 4002 et

476 4051 710 4126 observatione
727 4059 889 4126 canonica
902 4082 959 4126 eos
972 4054 1128 4128 oberrare
1147 4083 1281 4128 necesse
1295 4056 1396 4134 foret,
1417 4057 1456 4131 l¹¹
1475 4055 1534 4128 sed
1546 4055 1589 4128 de
1606 4054 1773 4151 deputatis
1789 4054 1850 4124 sibi
1866 4053 1965 4126 rebus
1980 4081 2060 4124 con-

478 4180 596 4271 tempti
611 4174 738 4272 absque
755 4182 946 4248 necessitate.
962 4195 994 4248 et
1008 4182 1120 4274 inopia
1137 4182 1340 4251 canonicum
1354 4178 1510 4248 ordinem
1524 4194 1637 4249 tenere
1652 4193 1684 4247 et
1695 4181 1766 4247 sine
1781 4181 2060 4273 prevaricatione,

523 4372 543 4409 r*
569 4370 609 4429 La
625 4371 671 4454 fin
696 4372 729 4430 de
751 4371 777 4429 la
800 4371 869 4456 lique
893 4372 1016 4452 (sasima
1041 4373 1062 4433 ³
1087 4398 1139 4435 ειιι.
1166 4373 1229 4455 ill)
1252 4397 1286 4434 cs
1306 4370 1392 4434 blanc.
1417 4408 1460 4419 -
1480 4372 1505 4415 ‘¹¹
1523 4372 1580 4433 Sic.
1598 4407 1640 4420 -
1666 4370 1690 4413 tet
1712 4371 1772 4433 Sic.
1793 4373 1924 4455 Corriqn
1951 4383 2060 4455 perim-

476 4472 603 4533 baretur.
620 4509 664 4520 —
685 4472 710 4515 ‘f‘
732 4472 821 4535 Taele
833 4472 938 4536 desere
956 4498 1005 4536 rar
1027 4475 1063 4536 l'o
1077 4474 1110 4536 de
1130 4498 1238 4537 amore.

520 4670 545 4712 μ)
568 4670 683 4740 famur.
700 4693 772 4755 pour
788 4671 1025 4735 ·C·tstsunsmis
1034 4701 1054 4732 ι.
1066 4675 1149 4735 Cette
1161 4696 1229 4734 con·
1351 4672 1377 4716 ‘¹¹
1400 4674 1439 4734 be
1452 4670 1582 4757 diploma
1596 4670 1753 4756 perloqui
1764 4670 1884 4733 Cbrrles
1897 4670 1924 4732 le
1933 4669 2062 4758 simple,

477 4775 571 4833 fusion
585 4785 667 4834 entre
684 4774 724 4833 les
741 4775 816 4835 deut
832 4774 943 4836 (Ibalon
961 4779 1026 4858 (qui
1052 4799 1159 4861 prouvs
1173 4800 1231 4861 que
1308 4780 1324 4837 l
1341 4774 1369 4836 la
1384 4779 1478 4860 priore
1497 4774 1534 4834 de
1551 4773 1716 4858 Tethyos,
1735 4782 1844 4859 e'vtqus
1857 4775 1894 4835 de
1911 4777 2002 4842 Paris.
2016 4799 2059 4836 ae·

476 4875 504 4937 la
533 4900 682 4938 wnsonne
705 4878 878 4938 interrorulo
908 4882 977 4940 etait
1000 4880 1133 4957 tombee)
1161 4882 1231 4941 etail
1307 4879 1395 4941 corde
1407 4878 1583 4939 l'immuaite'
1597 4901 1634 4938 ιιι
1649 4878 1750 4940 cloltn
1764 4878 1802 4941 ὼ
1818 4878 2009 4942 Νοίωῦιωο
2023 4879 2061 4942 ὼ

476 5002 552 5038 asser
571 4981 732 5063 inquiente.
756 4986 804 5041 On
829 4981 856 5041 la
883 4995 983 5043 trouve
1005 4983 1071 5067 dejs
1092 4982 1165 5043 darn
1187 4983 1230 5043 Ni
1308 4981 1440 5053 Paride
1456 5002 1491 5063 17
1501 4984 1706 5067 juinqtt‚est
1719 4980 1939 5067 psbbedsnsle
1952 4982 2063 5046 licead

477 5082 568 5143 tbrrd-
585 5085 626 5161 (l.
646 5086 680 5163 5)
699 5108 737 5146 ou
761 5096 824 5145 tout
845 5109 882 5147 su
908 5088 1005 5147 moins
1023 5086 1096 5148 dans
1121 5086 1148 5147 la
1170 5086 1230 5148 seul
1306 5084 2061 5172 duhumburnam.tx.p.5n.s·mn.

477 5191 634 5248 nunuscrit
647 5212 704 5271 que
721 5211 794 5249 nous
808 5189 1001 5273 ayonsderet
1014 5202 1125 5264 sutem,
1139 5203 1168 5251 et
1179 5192 1230 5272 qui
1307 5201 1337 5252 et
1350 5189 1425 5252 dans
1444 5190 1477 5250 ll.
1495 5190 1534 5252 do
1548 5191 1708 5278 hstoyrio.
1724 5190 1882 5253 (Ῑιιιώὲη
1896 5190 2009 5274 'indul
2028 5189 2062 5253 ds

474 5302 518 5351 est
534 5291 575 5351 du
589 5300 615 5351 ι’
626 5292 721 5352 siecle.
1309 5294 1405 5363 Pois,
1419 5305 1439 5354 t.
1453 5293 1480 5365 l.
1496 5318 1524 5380 p.
1542 5295 1599 5366 80,
1615 5302 1646 5354 ιι·
1660 5295 1710 5378 59.

1877 5457 1924 5510 17.
