5084 6434
408 726 455 794 oa
1055 709 1331 784 LOTHMRE·
1879 713 1994 815 [aar]

406 915 518 974 «ludum
542 933 593 970 nos·
614 916 725 966 cunstat
745 891 897 972 ti=cissel¹l3
917 901 968 960 sed
987 907 1020 960 et
1040 917 1132 960 nune
1150 918 1288 987 quoque
1303 891 1395 962 idem
1412 916 1508 987 agere
1524 889 1624 961 libuit
1642 892 1684 962 de
1700 891 1850 989 quadam
1866 919 1995 990 posses

407 1031 499 1096 sione
512 1026 599 1118 juris
614 1022 716 1114 ipsius
727 1017 937 1093 monasterii,
958 1015 1023 1083 hoc
1039 1027 1086 1081 est
1105 1012 1146 1082 de
1163 1013 1243 1084 fisco
1257 1014 1389 1085 Hamas
1401 1011 1427 1065 (⁸)
1444 1013 1552 1096 dicto,
1567 1017 1630 1085 sito
1647 1017 1682 1083 in
1695 1039 1783 1111 pago
1797 1012 1942 1086 Scarbia
1953 1010 1993 1097 si,

405 1175 483 1218 rum
496 1141 654 1214 onrrribus
664 1138 705 1209 ad
718 1164 750 1206 se.
763 1134 1024 1232 pertinentibus,
1038 1134 1073 1204 id
1085 1151 1133 1204 est
1144 1134 1282 1206 Aldnais
1299 1163 1379 1207 cum
1393 1135 1572 1206 ecclesiast
1582 1139 1677 1206 omni
1687 1139 1890 1231 integritate;
1902 1140 1996 1209 simi·

406 1272 479 1339 liter
501 1269 629 1362 boysen
653 1286 731 1330 cunr
755 1258 890 1329 ecclesia
914 1273 946 1326 et
966 1261 1061 1328 omni
1081 1261 1286 1352 integritate;
1316 1259 1454 1327 ecclesia
1478 1283 1617 1354 quoque
1644 1262 1677 1328 in
1704 1259 1887 1330 Wendinio
1910 1286 1992 1331 eum

367 1401 382 1451 ὃ
406 1410 489 1462 terra
500 1389 539 1458 ad
550 1383 781 1481 supradictum
791 1380 910 1450 liscum
921 1383 1117 1474 respiciente
1126 1396 1158 1449 et
1168 1379 1340 1477 quidquid
1352 1406 1430 1476 pars
1441 1380 1511 1451 fisci
1520 1405 1654 1476 sperare
1663 1379 1839 1452 videturin
1848 1385 1994 1453 circum·

399 1509 588 1609 jacentibus
606 1505 744 1582 villulis,
765 1503 889 1572 scilicet
909 1506 944 1570 in
966 1500 1153 1583 Norarilla‚
1171 1505 1205 1571 in
1229 1503 1392 1583 lienini0,
1410 1506 1444 1572 in
1460 1501 1616 1586 Genella,
1634 1506 1670 1573 in
1690 1503 1794 1587 Lens,
1815 1507 1851 1573 in
1869 1503 1991 1587 Hunil,

403 1640 436 1705 iu
453 1634 617 1708 Flnrinio,
635 1631 668 1696 iu
683 1627 831 1718 liorgias.
845 1624 1004 1694 Petitioni
1018 1627 1120 1718 igitur
1132 1623 1252 1719 prelati
1267 1622 1468 1695 venerabilis
1479 1621 1625 1707 abbatis,
1639 1628 1833 1697 interventu
1849 1625 1991 1698 dilectae

401 1758 553 1850 conjugis
570 1767 702 1820 nostrae
718 1748 899 1825 llemmae,
917 1744 1062 1816 libenter
1080 1749 1313 1842 acquievimus
1329 1762 1362 1817 et
1379 1747 1444 1817 ltoc
1460 1763 1592 1817 nostrae
1610 1751 1818 1818 auctoritatis
1832 1774 1993 1846 praerep-

404 1897 475 1949 tunt
499 1876 540 1945 de
563 1871 741 1969 praedietis
766 1867 867 1937 rebus
890 1895 1005 1938 recens
1030 1867 1093 1937 sibi
1119 1869 1248 1939 traditis
1271 1870 1343 1938 lieri
1362 1873 1542 1965 jussimus,
1565 1896 1625 1965 per
1647 1870 1741 1965 quod
1762 1874 1992 1968 praecipimus

348 2038 381 2073 tt)
401 2019 500 2096 atque¹
514 1995 678 2094 jubemus
698 2009 735 2061 ut
759 1991 872 2060 nullus
890 1990 1043 2060 fidelium
1066 2007 1261 2061 nostrorum
1277 1993 1328 2061 rel
1349 1990 1492 2088 quilibet
1512 2016 1551 2062 ex
1564 1991 1745 2086 judiciaria
1768 2007 1931 2088 potestate
1953 1996 1990 2065 in

401 2121 553 2195 eeclesias
575 2133 632 2186 aut
655 2115 726 2184 loca
749 2114 799 2181 rel
818 2138 916 2206 agros
938 2139 997 2183 seu
1016 2114 1163 2209 reliquas
1181 2117 1407 2211 possessiones
1422 2118 1602 2185 memorati
1619 2114 1701 2195 loci,
1718 2140 1803 2211 quas
1821 2114 1990 2187 moderno

402 2263 553 2338 ternpore
573 2235 661 2306 inira
680 2234 843 2305 ditionem
857 2234 881 2286 l‘l
902 2238 1037 2331 imperii
1057 2239 1163 2305 nostri
1177 2239 1268 2330 juste
1288 2251 1321 2307 et
1332 2216 1583 2307 ¹rationabiliter
1597 2235 1761 2331 possidet,
1778 2237 1831 2308 rel
1846 2263 1885 2308 ea
1900 2263 1990 2334 quae

400 2367 557 2456 ‹leirrreps
580 2387 597 2426 a
624 2356 796 2427 catholicis
818 2359 897 2425 viris
914 2356 1024 2426 eidem
1046 2357 1184 2427 collatae
1208 2357 1334 2428 luerint
1354 2361 1571 2438 monasterio,
1590 2356 1633 2428 ad
1654 2383 1769 2429 causas
1784 2358 1988 2441 audiendas,

400 2502 457 2558 aut
475 2482 565 2552 l'rrda
588 2479 638 2546 sel
658 2477 781 2548 tributa
801 2478 977 2574 erigenda,
994 2494 1053 2550 aut
1069 2483 1259 2550 mansiones
1281 2480 1330 2549 vel
1345 2495 1477 2576 paratas
1497 2479 1682 2561 iaciendas,
1701 2495 1759 2551 aut
1774 2478 1990 2576 fidejussores

347 2619 378 2674 15
401 2604 580 2681 tollendos,
596 2616 653 2671 aut
668 2600 823 2670 homines
839 2601 991 2697 ejusdem
1007 2601 1088 2681 loci,
1107 2617 1174 2671 tam
1191 2605 1355 2697 ingenuos
1366 2627 1471 2698 quarn
1486 2627 1613 2682 servos,
1631 2627 1732 2698 super
1746 2616 1869 2672 terram
1883 2605 1991 2699 ipsius

399 2739 652 2801 commanentes
663 2722 873 2820 aliquatenus
885 2723 1133 2819 distringendos
1141 2719 1180 2803 (a),
1192 2751 1254 2794 nec
1267 2723 1352 2793 ullas
1360 2722 1578 2794 redibitiones
1588 2739 1646 2794 aut
1656 2723 1786 2795 illicitas
1796 2727 1990 2795 occasiones

399 2847 617 2945 requirendas
631 2849 750 2915 nostris
764 2862 796 2915 et
808 2845 930 2916 suturis
946 2845 1156 2942 temporibus
1171 2845 1301 2942 ingredi
1317 2846 1440 2917 audeat
1453 2846 1504 2915 vel
1524 2873 1561 2916 ea
1576 2872 1664 2942 quae
1677 2871 1778 2942 supra
1799 2864 1989 2920 memorata

398 2988 473 3043 sunt
495 2972 626 3064 penitus
644 2972 771 3064 erigere
789 2985 976 3063 presumat,
994 2969 1051 3039 sed
1069 2968 1166 3039 liceat
1182 2983 1371 3039 memorato
1389 2966 1505 3039 abbati
1519 2971 1656 3065 suisque
1670 2967 1921 3041 successoribus
1935 2995 1990 3041 res

400 3092 583 3190 praedictas
596 3089 659 3160 sub
676 3094 899 3161 immunitatis
911 3106 1042 3161 nostrae
1052 3089 1248 3161 defensione
1258 3094 1373 3186 quieto
1387 3090 1507 3162 ordine
1516 3090 1688 3188 possidere
1704 3093 1740 3161 in
1752 3091 1954 3164 alimoniam
1962 3089 1990 3145 l‘l

344 3253 377 3287 20
400 3239 587 3311 pauperum
604 3228 636 3282 et
655 3213 821 3308 stipendia
839 3239 1013 3284 servorum
1033 3217 1067 3282 in
1087 3217 1160 3308 jam
1181 3213 1271 3284 dicto
1293 3217 1496 3284 monasterio
1520 3212 1700 3284 blandinio
1721 3214 1794 3284 Deo
1817 3212 1990 3285 famulan-

399 3342 485 3407 tium
503 3334 720 3431 perhenniter
731 3334 887 3430 proficiat
901 3338 936 3404 in
949 3338 1153 3427 augmentis,
1166 3352 1332 3431 quatenus
1342 3331 1367 3385 (ἢ
1381 3338 1471 3430 ipsos
1486 3359 1597 3405 servos
1610 3336 1690 3415 Dei,
1705 3339 1765 3431 qui
1777 3334 1907 3407 ibidem
1922 3334 1989 3409 sub

397 3458 485 3528 beati
501 3456 676 3528 benedicti
687 3461 789 3553 patris
806 3457 918 3552 regula
930 3456 1147 3538 famulantur,
1160 3457 1363 3552 indigentiae
1382 3462 1574 3528 necessitate
1587 3474 1715 3538 erutos,
1726 3456 1897 3555 profusius
1914 3456 1991 3531 aoid

398 3579 536 3650 liberius
556 3604 618 3674 pro
644 3595 755 3650 nostra
780 3579 1001 3677 fideliumque
1021 3596 1214 3651 nostrorum
1238 3581 1344 3650 salute
1366 3606 1406 3650 ac
1431 3584 1533 3651 totius
1558 3584 1651 3675 regni
1677 3584 1782 3652 nostri
1808 3579 1989 3655 stabilitate

401 3705 588 3773 llominum
611 3728 747 3773 exorare
767 3701 917 3772 delectet.
940 3702 981 3772 Et
1002 3717 1038 3773 ut
1059 3702 1190 3772 linnius
1210 3717 1345 3772 maneat
1364 3702 1672 3799 inconvulsumque
1689 3718 1851 3785 servetur,
1870 3702 1988 3776 hocei

343 3854 376 3905 ‚5
399 3840 596 3920 preceptum
615 3823 686 3894 fieri
701 3828 865 3919 jussimus
884 3841 915 3894 et
934 3825 1036 3895 anulo
1057 3828 1162 3894 nostri
1182 3825 1296 3920 palatii
1315 3822 1431 3895 subter
1451 3824 1622 3894 limiantes
1636 3827 1799 3917 jussimus
1818 3826 1985 3921 insigniri.

449 3979 631 4076 simmei
645 3981 793 4055 domnii)
809 3986 964 4057 lotharii
979 3979 1279 4082 (rnortopranrntall’)
1299 3984 1546 4075 gloriosissimi
1558 3984 1665 4075 roais.

448 4140 649 4214 auerterat)
676 4141 940 4215 cancettariustt
964 4146 1008 4215 ad
1031 4145 1147 4215 vicem
1166 4141 1327 4215 dommim)
1346 4143 1589 4227 adelberonis,
1611 4143 1868 4235 archiepiscopi
1892 4162 1988 4217 sum·

396 4266 513 4355 mique
529 4264 780 4351 canceltariitt,
797 4267 998 4360 recognovit
1016 4275 1051 4337 et
1067 4267 1291 4357 subscripsit.

1590 4365 1879 4467 (Locnsiptttitt)

442 4600 464 4634 n
488 4583 599 4643 Harnes
615 4586 646 4644 (ἶ.
664 4620 704 4630 --
718 4582 744 4633 ''¹'’
766 4585 882 4646 Scirbiu
896 4583 928 4644 C.
942 4619 984 4631 -
1004 4586 1026 4631 l‘l
1049 4585 1195 4643 dicionem
1210 4585 1245 4643 ll.
1262 4618 1305 4630 -
1319 4582 1346 4636 tt]
1369 4582 1563 4666 distringendi
1578 4585 1611 4644 B.
1627 4619 1670 4631 —
1688 4580 1712 4636 (⁶)
1735 4580 1875 4643 alimonio
1887 4581 1921 4645 C.
1941 4616 1986 4632 -

398 4686 419 4736 tf?
442 4688 579 4768 qrratinus
592 4687 623 4747 C.
640 4724 681 4733 —
695 4690 720 4740 Ἰ]
735 4700 822 4771 atque
840 4689 872 4750 C.
887 4722 930 4735 ·-
945 4688 972 4740 θ’)
996 4689 1096 4770 alifia
1109 4701 1167 4746 erut
1180 4688 1311 4770 scripturn
1328 4689 1430 4769 inaptus
1444 4687 1561 4747 litteris:
1575 4688 1699 4771 Signum
1712 4685 1839 4753 domini,
1855 4696 1933 4748 etc·
1946 4685 1984 4749 B.

397 4822 439 4834 -
461 4800 474 4839 't
496 4788 609 4848 ‹lornini
624 4790 656 4849 B.
673 4826 713 4837 —
733 4791 756 4843 'Ji
778 4790 984 4873 Monopramme
998 4791 1035 4849 dtr
1052 4804 1114 4873 type
1127 4789 1163 4849 Α.
1186 4791 1220 4858 ll,
1236 4791 1286 4870 qai
1299 4791 1356 4848 seul
1372 4789 1396 4848 lr
1416 4788 1569 4873 reprodttit,
1591 4791 1649 4849 rt'en
1670 4786 1780 4871 indique
1795 4810 1846 4871 pas
1862 4787 1890 4849 la
1905 4788 1985 4873 place

395 4891 511 4972 pririse,
529 4895 595 4951 miris
609 4916 636 4950 se.
651 4893 730 4952 borrae
742 4897 758 4951 ri
771 4892 830 4952 dire
845 4893 910 4974 qa'il
924 4893 988 4952 e'tair
1003 4916 1040 4952 itu
1054 4892 1143 4951 milies
1157 4894 1202 4973 (in
1220 4892 1332 4971 medio,
1347 4891 1382 4952 de
1395 4893 1421 4952 la
1434 4894 1620 4974 soascriptiorr.
1634 4927 1678 4939 -
1690 4890 1718 4945 ll
1744 4891 1800 4951 «Et
1813 4892 1900 4977 magis
1910 4890 1983 4974 insu

398 5006 474 5052 erunt
490 4997 623 5074 sapiaentia
638 4998 717 5056 etiam
732 4998 836 5078 mugnis
851 4997 946 5055 litteris
963 5020 970 5054 .·
993 4995 1142 5065 idelbem,
1158 5007 1235 5056 etc·
1251 4997 1286 5055 B.
1301 5032 1342 5043 -
1356 4996 1378 5048 (Ι)
1392 4995 1583 5057 lancellarius
1600 4997 1632 5056 Β,
1647 5031 1689 5044 -
1705 4994 1740 5049 l·l
1763 4994 1877 5055 dontitu
1893 4994 1929 5057 B.
1940 5028 1983 5043 -

400 5110 424 5145 ,n
450 5096 613 5156 larrrellarii
633 5098 665 5157 ll.
684 5135 725 5146 -
745 5104 770 5150 ’3)
794 5101 851 5159 ·t]t
866 5110 927 5159 erat
946 5100 1033 5168 inira,
1053 5099 1089 5158 ad
1106 5098 1180 5159 latus
1194 5099 1345 5170 dextnrm,
1366 5102 1529 5184 appositum
1550 5122 1692 5183 magnum
1708 5097 1838 5183 sigillum
1852 5100 1882 5159 in
1898 5118 1984 5161 euers

440 5306 464 5343 ¹¹¹
488 5304 620 5364 Allusion
642 5327 679 5364 nu
703 5305 833 5389 dipltime
852 5305 1039 5367 d'immunite'
1053 5305 1188 5390 gettenle
1201 5306 1238 5367 de
1254 5306 1316 5390 966
1331 5306 1430 5392 polilie
1445 5307 1600 5372 ci-dessus.
1611 5316 1643 5369 n·
1657 5305 1749 5369 XXV.
