5084 6434
478 726 589 826 [9sa]
1133 720 1407 795 corasius.
2035 718 2057 789 s

479 904 514 964 B.
537 902 628 986 Copia
646 900 689 963 dn
707 908 779 962 xvrr·
796 924 835 971 s,
857 922 909 983 par
932 899 1181 979 Pierre-anqois
1199 896 1331 968 maiust,
1353 896 1558 981 Bibliothtqua
1579 895 1741 965 nationale.
1762 895 1922 960 collection
1938 895 2057 967 Balara,

562 1003 617 1064 vol.
634 1006 691 1072 add
699 1050 707 1073 ,
716 1002 765 1063 iol.
780 1004 835 1073 bd,
848 1002 962 1087 d'aprts
973 1002 1009 1062 A.
1018 1036 1061 1049 -
1073 1000 1119 1061 B'.
1143 1001 1232 1086 Copia
1247 1002 1288 1061 du
1300 1008 1412 1069 meme,
1425 999 1499 1059 dans
1513 1023 1557 1060 ses
1567 1000 1736 1061 collectanea
1747 999 1940 1083 Barpandica,
1951 998 2059 1060 biblio·

562 1107 670 1191 tbdque
684 1108 736 1167 des
757 1105 950 1167 bollandistas
964 1109 980 1164 i
997 1103 1159 1171 Bmxeiles.
1179 1105 1293 1189 d'apris
1308 1102 1345 1164 A.
1365 1102 1408 1152 '-
1422 1103 1471 1164 B'.
1494 1104 1584 1188 Copia
1597 1103 1638 1164 du
1655 1113 1727 1165 xvst‘
1741 1126 1779 1174 s..
1796 1103 1990 1163 collationato
2008 1125 2059 1187 par

561 1210 589 1271 ie
604 1218 717 1281 meme,
734 1208 939 1292 flbliothsque
955 1206 1115 1277 nationale,
1136 1206 1298 1268 &beenon
1319 1206 1436 1277 Beluae,
1452 1207 1509 1268 vol.
1530 1209 1604 1278 alsi,
1620 1205 1670 1268 sol.
1688 1227 1743 1290 7²·
1758 1206 1871 1291 d'apris
1887 1205 1924 1267 A.

477 1334 510 1395 C.
533 1334 623 1417 Copia
642 1340 701 1393 tris
721 1334 879 1392 incorrecte
898 1329 940 1390 du
962 1341 1045 1392 rvru'
1067 1355 1104 1402 s.,
1128 1333 1197 1391 inite
1217 1352 1291 1415 paru
1313 1330 1704 1411 FrancoisNicoiasAEugine
1724 1329 1812 1400 Dior,
1833 1328 1970 1390 autrefois
1989 1349 2059 1388 oon·
2098 1336 2115 1389 5

561 1443 659 1497 servae
674 1436 747 1495 dans
761 1433 789 1494 la
805 1433 1009 1517 Bibliotbtque
1023 1434 1060 1494 de
1077 1436 1116 1495 M.
1131 1435 1204 1494 Dm:
1218 1432 1270 1494 des
1282 1432 1399 1502 Villnrs,
1414 1440 1430 1493 i
1444 1433 1609 1513 Rosanpom
1621 1432 1734 1519 d'aprts
1747 1433 1784 1493 A.
1797 1468 1839 1480 -
1858 1433 1893 1493 D.
1914 1432 2004 1517 Copia
2018 1432 2059 1491 du

561 1549 645 1600 xvnr'
664 1561 702 1612 s.‚
726 1536 931 1621 bibliotheque
956 1536 1118 1608 nationale,
1141 1535 1302 1598 Collection
1326 1538 1459 1609 Morem,
1480 1536 1536 1596 sol.
1559 1536 1637 1608 866,
1658 1535 1708 1596 iol.
1734 1538 1805 1621 391.
1828 1536 1941 1621 d'apris
1963 1535 1995 1595 C.
2018 1570 2060 1584 -·

562 1643 597 1703 Ε.
611 1641 700 1727 Copia
713 1642 754 1702 du
765 1651 848 1702 xvur·
859 1665 895 1710 a,
907 1640 1111 1724 bibliotheque
1124 1641 1161 1700 de
1176 1641 1339 1720 Resanqom
1350 1638 1510 1700 Collection
1524 1641 1610 1711 broz,
1622 1638 1678 1700 roi.
1688 1642 1742 1707 32.
1758 1638 1806 1699 sol.
1816 1642 1889 1720 247,
1901 1639 2013 1723 d'apoe's
2027 1639 2058 1700 C.

476 1790 504 1826 a.
525 1765 559 1826 F.
573 1765 640 1834 lat.
658 1764 709 1824 Les
721 1762 840 1823 darnicrs
854 1762 1053 1845 Carolinpieru,
1069 1784 1098 1846 p.
1113 1763 1189 1846 395.
1206 1762 1319 1846 d'apris
1333 1763 1369 1822 D.

528 1929 568 1999 ln
592 1930 731 1997 nomine
756 1941 887 1997 sanctae
912 1941 946 1995 et
969 1924 1161 1997 individuae
1186 1924 1370 1995 Trinitatis.
1400 1923 1610 2006 illothariua
1634 1924 1747 1995 divina
1769 1928 1973 2021 propitiante
1997 1925 2058 1995 cie-
2083 1956 2117 1990 ιο

477 2053 603 2120 mantia
626 2050 835 2120 Francorum
857 2074 914 2118 rex
936 2047 1229 2119 excellentissimus
1250 2063 1352 2145 atque
1374 2045 1438 2118 sub
1453 2047 1596 2142 juvenili
1614 2061 1719 2117 aetate
1741 2050 2003 2142 potentissimus.
2022 2049 2057 2117 Si

478 2170 635 2242 fidelibus
652 2173 789 2251 nostris,
810 2194 940 2239 morem
958 2173 1086 2264 regium
1105 2185 1289 2249 servantes,
1306 2168 1444 2265 aliquod
1462 2168 1737 2266 subplementum
1754 2194 1815 2264 per
1828 2172 1931 2238 nostri
1947 2172 2043 2238 muni

478 2297 579 2364 minis
603 2309 820 2390 praeceptum
849 2290 1070 2370 conserimus,
1100 2289 1198 2361 nobis
1219 2291 1253 2360 id
1281 2291 1323 2361 ad
1344 2291 1483 2361 honoris
1510 2307 1730 2386 augmentum
1740 2288 1767 2342 td
1790 2305 1822 2360 et
1851 2290 2059 2360 aeternaliter

479 2434 632 2489 tenemus
647 2415 839 2485 firmissime
858 2413 1089 2512 profuturum.
1106 2413 1278 2502 Quocirca
1296 2430 1416 2485 uotum
1434 2413 1505 2486 sore
1521 2413 1677 2484 volumus
1690 2408 1859 2484 sanctaell
1876 2413 1938 2484 Dei
1954 2412 2058 2483 eccle·

477 2541 543 2610 siae
561 2536 718 2608 fidelibus
736 2553 769 2607 et
785 2539 921 2617 nostris,
937 2535 1169 2632 praesentibus
1185 2536 1310 2606 stilioet
1327 2562 1365 2605 ac
1381 2535 1516 2615 suturis,
1533 2536 1676 2631 qualiter
1696 2539 1830 2606 veniens
1854 2535 1968 2631 liugo,
1992 2535 2059 2606 dus
2084 2547 2117 2602 15

479 2662 690 2730 Francorum
707 2675 740 2729 et
754 2684 841 2756 pane
859 2662 961 2729 totius
977 2661 1111 2753 imperii
1129 2660 1394 2754 potentissimus,
1413 2683 1452 2727 ao
1471 2656 1694 2737 Gislebertus,
1713 2656 1929 2751 burgundiae
1946 2684 2059 2727 comes

477 2786 693 2879 praecipuus,
715 2784 902 2877 praenotati
929 2781 1025 2851 miles
1047 2780 1200 2874 Hugonis
1223 2779 1438 2860 fortissimus,
1458 2795 1490 2850 et
1507 2806 1621 2850 cornea
1643 2777 1846 2860 letholdus,
1866 2795 1978 2849 noster
1999 2805 2060 2875 per

477 2906 592 2975 omnia
622 2902 730 2973 fidelis
757 2907 914 2980 eximius.
941 2919 1090 2973 nostram
1121 2905 1317 2998 expetierint
1350 2900 1583 2973 celsimdinem
1611 2928 1651 2971 ao
1678 2899 1892 2972 sublimitatis
1924 2917 2057 2970 nostrae

477 3026 690 3122 dignitatem,
716 3023 836 3094 obnixe
859 3025 1065 3121 postulantes
1087 3040 1126 3094 ut
1147 3021 1352 3095 Witlencol‘l
1370 3040 1402 3094 et
1420 3022 1495 3094 siliis
1515 3028 1598 3104 suis,
1617 3023 1753 3095 Widoni
1771 3023 1896 3093 scilicet
1917 3036 1949 3091 ot
1971 3024 2056 3093 Nor-

476 3148 599 3230 duino,
618 3145 780 3218 derebus
802 3150 907 3216 sancti
926 3146 1051 3217 Botrici
1069 3145 1276 3242 quibusdam
1298 3149 1334 3216 in
1351 3172 1437 3242 pago
1459 3145 1676 3239 burgundiae
1694 3143 1910 3215 manentibus
1932 3145 2048 3215 irumu·
2080 3172 2116 3209 ιο

477 3273 589 3341 nitatis
600 3284 817 3365 praeceptum
839 3267 912 3338 fieri
929 3268 1157 3363 dignaremur.
1171 3267 1269 3357 Quae
1284 3294 1336 3339 res
1351 3284 1430 3338 sunt
1447 3272 1482 3338 in
1497 3294 1585 3365 pago
1599 3266 1815 3363 Burgundios
1825 3323 1832 3345 ,
1844 3281 1882 3335 ut
1894 3266 2056 3347 dinnms,

478 3396 573 3471 sitae,
592 3395 627 3461 in
645 3390 891 3461 viiia-Casiiaco
909 3416 1011 3486 super
1026 3390 1167 3460 durium
1184 3391 1331 3469 Duinae,
1350 3389 1505 3461 videlicet
1524 3390 1576 3460 .X.
1589 3405 1620 3460 at
1638 3389 1736 3461 ,Vllt
1751 3392 1859 3459 mansi
1878 3404 1910 3458 et
1922 3388 2058 3459 ecclesia

477 3514 618 3586 dimidia
644 3517 678 3583 in
704 3516 867 3582 comitatu
895 3512 1048 3582 lirinensi
1079 3539 1157 3581 cum
1184 3513 1247 3582 alia
1273 3516 1399 3607 integra
1424 3513 1561 3582 ccclesia
1581 3516 1615 3582 in
1638 3515 1801 3582 comitatu
1827 3510 1999 3582 Calnensi.
2026 3515 2058 3581 in

476 3636 605 3707 bonore
632 3639 734 3705 sancti
764 3635 848 3732 Lupi
875 3634 999 3713 dean.
1025 3660 1127 3730 super
1143 3650 1379 3731 praenotatum
1403 3635 1547 3706 fluvium
1571 3639 1642 3704 sita.
1656 3633 1816 3723 Quorum
1841 3632 2060 3729 petitionibus

476 3786 573 3829 aures
604 3773 734 3826 nostrae
760 3760 943 3826 serenitatis
972 3772 1195 3853 apponentes,
1224 3759 1354 3853 regium
1378 3782 1509 3827 morem
1538 3771 1721 3833 sementes.
1747 3755 1814 3826 boc
1839 3772 2058 3853 praeceptum
2082 3770 2116 3822 ss

479 3881 587 3950 relatis
612 3881 683 3949 lieri
705 3883 869 3973 jussimus
895 3895 925 3948 rt
952 3878 1043 3949 ducti
1067 3879 1219 3973 largitlua
1242 3882 1365 3976 pietate
1399 3880 1622 3955 iirmariurus,
1649 3906 1687 3947 aa
1712 3879 1836 3947 scilicet
1864 3882 1991 3947 ratione
2021 3894 2057 3948 ut

472 4002 658 4098 jatrulictus·
684 4001 871 4071 Witiencus
896 4018 927 4070 at
953 4004 1025 4095 ejus
1050 4000 1120 4072 duo
1153 4000 1212 4072 salii
1237 3999 1340 4073 Wrdo
1368 4016 1401 4071 at
1426 4000 1619 4073 Norduinus
1649 4004 1682 4070 in
1710 4004 1772 4071 rita
1802 4027 1860 4070 sua
1894 3998 2054 4078 iubeant,

477 4137 611 4193 teneant
626 4137 726 4218 atque
742 4121 950 4218 possideant,
965 4150 1004 4192 ao
1020 4139 1093 4220 post
1108 4122 1244 4193 illorum
1258 4126 1342 4193 vitae
1355 4148 1492 4193 cursum
1504 4122 1547 4194 ad
1563 4120 1745 4220 praelatam
1766 4121 1937 4192 basilicam
1953 4126 2057 4192 sancti

477 4244 601 4315 Botrici
615 4243 699 4314 baec
716 4246 832 4314 omnia
852 4242 999 4314 redeant.
1020 4245 1061 4315 Ut
1076 4260 1189 4315 autem
1205 4243 1289 4315 baec
1307 4249 1474 4342 pmerepti
1494 4249 1630 4342 scriptio
1649 4244 1778 4315 srmrior
1795 4260 1895 4342 atque
1913 4241 2056 4315 credibi-

477 4366 541 4437 lior
559 4363 726 4436 habeatur
745 4382 845 4463 atque
865 4363 908 4435 ab
926 4365 1087 4437 omnibus
1105 4364 1226 4437 suturis
1244 4364 1454 4465 temporibus
1472 4366 1664 4463 diligentius·
1682 4383 1906 4442 conseratur.
1923 4371 2058 4464 propria
2082 4380 2117 4430 ’σο

477 4515 581 4559 rutanu
596 4486 713 4559 subter
729 4488 939 4559 duossimus
954 4505 987 4559 et
1004 4489 1095 4559 anuli
1116 4492 1220 4561 nostri
1238 4491 1459 4587 impressione
1476 4492 1628 4583 insigniri
1642 4492 1816 4584 jussimus.

529 4611 672 4701 Signum
693 4608 860 4682 Htotharii
879 4610 1088 4682 Francorum
1109 4604 1410 4710 (monoqmmaro)l‘¹l
1428 4614 1511 4708 regis
1526 4611 1674 4703 gloriosi.

1620 4732 1904 4833 (masnata.)

476 4901 575 4969 ration,
591 4898 625 4960 dc
638 4900 665 4959 la
675 4900 808 4983 premiire
824 4900 895 4982 liqna
907 4900 951 4961 des
965 4913 1035 4961 notes
1049 4901 1207 4963 timim
1220 4900 1366 4985 cvj'srmdes
1378 4900 1443 4963 dam
1457 4901 1483 4962 la
1496 4901 1627 4961 rueledo
1640 4900 1756 4985 (ψόαι
1769 4901 1804 4962 dr
1817 4902 1900 4963 bnis
1912 4901 1938 4964 lc
1952 4902 2061 4973 Pau.

477 5003 511 5063 ot
524 5001 1000 5066 aniit:1)urnndusdiaoonusad
1023 5006 1113 5064 ricem
1132 5004 1296 5065 Helisamr
1315 5007 1468 5089 reosgnovi
1488 5017 1516 5064 et
1537 5005 1697 5090 nrbwnpui.
1711 5040 1752 5051 -
1769 5005 1792 5057 [⁸]
1814 5018 1986 5066 aunrentum
2012 5005 2060 5066 θ’.

477 5139 517 5153 -
541 5103 569 5158 Μ
591 5107 696 5166 umtis
717 5105 792 5167 BB'.
815 5142 856 5153 —
874 5104 899 5157 l‘l
921 5104 1060 5167 Witiinco
1082 5106 1129 5165 θ’.
1150 5143 1191 5154 -
1206 5104 1234 5157 (a
1257 5104 1463 5191 Momyramma
1477 5106 1514 5168 da
1530 5122 1591 5193 type
1607 5107 1642 5168 A.
1658 5144 1697 5155 -
1713 5108 1738 5156 Μ
1762 5107 1830 5173 ·Un
1845 5132 1929 5169 arran
1941 5132 1978 5168 en
1995 5117 2060 5195 pite

478 5219 593 5293 putant
616 5231 675 5270 nne
698 5217 771 5278 tite:
793 5215 809 5268 i
829 5208 954 5269 i'antour
973 5233 1020 5270 res
1038 5220 1133 5269 rums:
1153 5209 1318 5273 mortaria
1334 5209 1502 5272 Furem
1519 5233 1580 5273 rar.
1599 5211 1635 5273 Et
1655 5211 1718 5297 pius
1739 5211 1809 5272 bas:
1835 5210 1919 5272 Wrda
1930 5210 2058 5273 cenda-

477 5311 685 5385 maresc.
700 5312 933 5396 rbus-tigilli·
953 5313 997 5381 ff,
1012 5312 1217 5397 qrirbdatr.
1234 5311 1603 5398 lammam-iiis.
