5084 6434
533 695 576 763 η
1177 692 1452 764 sommus.
1999 693 2094 792 [9⁵⁵

527 871 685 942 rumdam
700 871 857 942 violentia
873 871 1058 967 inlegaliter
1072 887 1103 941 et
1119 875 1257 967 injuste,
1273 870 1372 942 nobis
1385 871 1420 942 id
1433 871 1664 967 temporaliter
1678 871 1722 942 ad
1736 871 1877 942 honoris
1888 888 2113 966 augmentum

526 1010 559 1063 et
576 993 786 1063 aeternaliter
803 1009 957 1064 tenemus
975 993 1168 1064 firmissime
1182 993 1414 1090 profuturum.
1432 994 1602 1083 Quocirca
1618 1015 1723 1064 notum
1733 991 1759 1045 i'l
1774 1004 1836 1064 sore
1851 1002 1986 1064 volumus
2001 1008 2117 1065 eunctis

527 1137 643 1186 sanctae
659 1125 715 1185 Dei
732 1123 870 1185 ecclesiae
889 1124 1024 1186 fidelibus
1041 1136 1071 1185 et
1091 1128 1209 1195 nostris,
1230 1126 1431 1209 praesentibus
1452 1125 1560 1185 scilicet
1579 1136 1610 1185 et
1626 1125 1743 1197 futuris,
1764 1125 1890 1210 qualiter
1905 1128 2027 1187 veniens
2042 1117 2113 1188 Go-

527 1237 713 1318 descalous,
725 1247 887 1308 Aniciensis
901 1271 952 1307 seu
967 1247 1146 1309 Vallasensis
1160 1246 1299 1308 ecclesiae
1315 1250 1480 1332 episcopus,
1493 1237 1593 1308 nobis
1604 1264 1666 1334 per
1682 1242 1799 1308 omnia
1811 1236 1968 1321 devotus,
1984 1259 2115 1310 nostram

491 1369 507 1421 5
527 1371 680 1454 expetierit
695 1368 898 1430 celsitudinem
916 1387 955 1431 ac
969 1360 1246 1456 benignissimam
1263 1361 1472 1431 voluntatem
1503 1381 1535 1430 ut
1557 1369 1709 1442 eeclesiae,
1724 1371 1786 1442 eui,
1803 1370 1868 1432 Deo
1881 1369 2054 1444 ordinsnte,
2069 1370 2114 1430 di-

528 1477 711 1574 gnoseiturstl
726 1492 904 1575 prsesidcre,
917 1514 953 1552 es
971 1492 1059 1553 rebus
1078 1486 1159 1578 regii
1172 1486 1259 1578 juris
1276 1509 1295 1552 a
1312 1482 1568 1581 praedecessore
1584 1497 1700 1553 nostro
1717 1508 1794 1577 rege
1805 1481 1991 1579 Roduipbo
2009 1483 2115 1555 eccle·

528 1608 594 1675 siae
619 1603 720 1699 digne
738 1604 882 1686 collatis,
911 1603 1100 1675 laventibus
1121 1603 1184 1675 sibi
1207 1605 1342 1676 inclitae
1363 1608 1553 1676 comitissae
1575 1620 1608 1675 et
1631 1608 1755 1674 amitae
1775 1619 1911 1676 nostrae
1927 1603 2114 1687 Hsduidis,

530 1727 682 1821 llugonis
701 1726 796 1797 ducis
816 1727 1026 1797 Francorum
1043 1731 1172 1806 usoris,
1191 1725 1412 1822 petitionibus
1425 1752 1464 1797 ac
1480 1725 1693 1797 creberrimis
1705 1724 2003 1822 postulationibus,
2017 1752 2113 1798 reno

530 1852 671 1920 rationis
693 1863 825 1919 nostrae
844 1848 1100 1946 praeceptuml‘l
1117 1848 1226 1919 iacere
1247 1848 1477 1943 dignaremur.
1501 1858 1590 1943 CuJus
1611 1860 1744 1942 petitioni
1760 1859 1924 1940 benignum
1942 1858 2118 1942 praebentes

476 2009 509 2042 ro
530 2002 693 2053 assenmm,
715 1983 830 2063 regium
851 2003 966 2042 morem
987 1992 1148 2051 servantes,
1169 1982 1226 2041 boc
1249 1992 1439 2065 praeceptum
1459 1981 1653 2041 immunitatis
1670 1980 1734 2040 fieri
1750 1982 1902 2064 jussimus,
1924 1980 2121 2042 concedentes

529 2105 557 2163 ei
571 2103 767 2187 omnibusque
786 2103 996 2164 moeessoribus
1009 2112 1072 2187 ejus
1089 2125 1213 2164 omnem
1228 2103 1357 2185 burgum
1372 2105 1462 2186 ipsius
1476 2102 1614 2164 ecclesiae
1632 2103 1816 2186 sdjscentem
1832 2113 1864 2162 et
1879 2103 2029 2174 universa,
2045 2125 2120 2187 quse

530 2226 640 2286 ibidem
663 2225 701 2285 ad
722 2225 956 2286 dominationem
975 2236 1005 2285 et
1025 2237 1197 2309 potestatem
1219 2227 1333 2286 comitis
1352 2213 1485 2312 pridem
1508 2227 1680 2309 pertinuisse
1699 2227 1758 2285 viss
1775 2236 1856 2296 sunt,
1875 2225 1973 2286 sorum
1990 2224 2113 2293 scilicet,

531 2346 702 2408 theloneum
711 2334 749 2418 Ψ),
768 2359 918 2407 monetam
935 2360 965 2408 et
981 2370 1103 2408 omnem
1119 2347 1283 2408 districmm
1297 2370 1365 2408 cum
1381 2359 1457 2408 terra
1467 2359 1498 2408 et
1507 2348 1707 2408 mansionibus
1719 2349 1808 2431 ipsius
1822 2347 1917 2428 burgi.
1931 2348 1968 2407 Et
1982 2349 2023 2408 its
2035 2347 2118 2408 dein·

529 2492 597 2552 ceps
618 2469 690 2528 haec
716 2472 806 2528 nostri
831 2472 976 2553 praecepti
998 2472 1151 2529 auctoritas
1159 2461 1194 2540 ll,
1222 2493 1312 2553 quam
1336 2492 1389 2553 pro
1416 2470 1547 2530 remedio
1559 2456 1587 2512 (¹)
1609 2472 1725 2529 animae
1750 2480 1864 2529 nostrae
1888 2485 1948 2529 seu
1962 2458 1990 2512 (ἴ)
2012 2462 2118 2556 patris

477 2592 508 2644 ιδ
531 2586 634 2652 nostri
649 2580 811 2652 Ludosici
825 2610 863 2652 ac
877 2599 1057 2679 parentum
1074 2599 1268 2653 nostrorum
1286 2582 1583 2681 praedecessorum
1602 2603 1718 2652 unctae
1731 2592 1787 2652 Dei
1802 2593 1949 2673 genitricis
1965 2615 2000 2653 ac
2015 2613 2117 2676 perpe

514 2726 597 2803 'tuae
616 2720 749 2775 sunctae
771 2716 890 2798 virginis
913 2716 1020 2776 ‚ilarise
1043 2714 1180 2776 ecclesiae
1201 2715 1350 2799 praedicto
1373 2701 1540 2799 pontilicil'l
1560 2717 1730 2775 commissae
1745 2713 1948 2786 concedimus,
1963 2701 2117 2774 timisti)

529 2847 616 2921 atque
633 2837 839 2898 inviolabiliter
852 2838 991 2922 deinceps
1005 2827 1235 2909 conservaturffl,
1252 2849 1286 2898 ut
1301 2837 1398 2898 nullus
1412 2860 1510 2898 comes
1525 2848 1575 2897 aut
1584 2837 1675 2921 judex
1691 2835 1822 2920 publicus
1839 2847 1889 2895 aut
1908 2835 2004 2920 eliqua
2020 2859 2116 2896 saecu-

530 2958 596 3018 laris
616 2971 742 3042 potestas
766 2959 806 3019 ibi
829 2958 957 3043 aliquam
980 2960 1085 3020 audeat
1107 2962 1289 3020 exactionem
1315 2959 1408 3018 iacere
1433 2981 1529 3042 neque
1552 2961 1776 3018 mansionaticos
1798 2968 1848 3017 aut
1864 2945 2046 3041 passionei)
2068 2970 2118 3018 aut

530 3080 639 3164 aliquas
656 3081 867 3142 reddibitiones
875 3068 898 3124 (Ι)
910 3083 1026 3164 exigere
1044 3085 1106 3142 sine
1121 3080 1270 3140 voluntate
1286 3092 1335 3140 sut
1350 3083 1538 3164 permissione
1554 3083 1680 3164 episcopi
1705 3083 1754 3164 qui
1770 3082 1862 3163 ipsam
1877 3082 2005 3140 tenuerit
2025 3079 2116 3140 cocle-

475 3228 509 3265 so
530 3206 617 3275 siam,
636 3204 687 3263 sed
706 3206 805 3263 omnia
825 3206 854 3262 in
876 3215 1048 3286 potestatem
1067 3206 1195 3286 episcopi
1216 3203 1394 3286 redigantur,
1413 3216 1444 3262 ut
1462 3206 1521 3286 ipse
1542 3191 1686 3263 omnini*
1704 3214 1790 3286 prout
1809 3214 1886 3262 recte
1906 3203 1960 3262 sibi
1978 3202 2117 3286 plauserit

529 3325 660 3395 ordinet,
680 3336 778 3385 teneat
795 3337 881 3408 atque
906 3324 1058 3407 possideat.
1078 3316 1114 3387 Si
1137 3331 1251 3384 autem
1271 3317 1394 3412 aliquis
1412 3316 1477 3386 hoc
1503 3331 1664 3386 statutum
1674 3314 1702 3368 (¹)
1717 3314 1856 3409 indigne
1871 3315 1998 3386 violare
2020 3340 2116 3412 prae·

530 3440 712 3533 sumpserit
735 3464 789 3516 ac,
812 3437 875 3505 Dei
897 3441 1139 3534 omnipotentis
1159 3438 1335 3509 clementia
1361 3438 1571 3536 desperatus,
1594 3436 1753 3508 audacter
1777 3465 1816 3508 ac
1837 3453 2116 3535 praesumptuose

532 3558 715 3653 infregerit,
733 3562 819 3653 juris
843 3559 1018 3655 prisilegio
1042 3561 1265 3656 apostolicalis
1273 3557 1299 3613 (⁰¹
1321 3587 1455 3658 semper
1479 3564 1521 3632 sit
1540 3561 1720 3632 damnatus
1742 3576 1872 3631 etcum
1892 3559 1999 3638 Juda,
2016 3557 2114 3630 tradi-

532 3696 601 3750 tore
610 3678 639 3732 (Ρ)
656 3680 813 3763 Domini,
833 3685 1025 3779 portionem
1040 3682 1162 3753 lrabeat
1179 3683 1417 3780 perpetualiter
1434 3682 1624 3754 exurendus
1641 3699 1673 3753 et
1690 3687 1732 3752 sit
1751 3681 1945 3761 anathema,
1967 3707 2117 3753 marana·

475 3815 508 3865 si
531 3802 624 3873 thalli
646 3819 679 3874 et
697 3831 716 3874 a
737 3807 905 3876 consortio
931 3804 1083 3876 fidelium
1107 3806 1258 3876 exclusus
1281 3822 1313 3876 et
1333 3810 1367 3875 in
1386 3804 1503 3903 poenis
1527 3804 1746 3876 infernalibus
1771 3803 1982 3875 aeternaliter
2003 3807 2118 3876 existat

530 3926 810 3998 concremandus.
831 3938 870 3999 Ut
889 3950 988 3998 erstem
1008 3937 1079 3997 inec
1101 3940 1254 3998 auctoritas
1273 3937 1385 3999 firmior
1408 3944 1509 4025 atque
1530 3926 1724 3998 credibilior
1743 3936 1885 3997 habeatur
1903 3949 1933 3997 et
1948 3960 1967 3996 r
1983 3935 2118 3997 lidelibas

530 4069 645 4118 sauctae
663 4060 715 4119 l)ei
739 4059 877 4120 ecclesiae
894 4059 996 4120 suturis
1018 4062 1199 4143 temporibus
1221 4059 1389 4145 diligentius
1409 4071 1603 4131 conservetur,
1623 4050 1716 4119 anuli
1728 4047 1752 4101 (ἢ
1769 4050 1874 4120 nostri
1895 4050 2117 4145 impressione

531 4169 645 4240 subter
658 4175 820 4264 jussimus
836 4172 971 4266 sigillari
989 4172 1054 4268 [et]
1068 4200 1147 4243 cum
1164 4189 1416 4266 anagrammate
1426 4170 1451 4224 (⁸)
1467 4176 1571 4243 nostri
1587 4175 1737 4243 nominis
1752 4170 1911 4242 decenter
1925 4169 2073 4242 adscribi
2081 4165 2114 4239 ii.

574 4465 598 4519 (¹)
621 4467 671 4528 trs
688 4488 814 4549 passages
834 4464 968 4548 imprimis
993 4487 1024 4523 cn
1042 4466 1108 4547 petit
1128 4477 1202 4523 terte
1225 4477 1285 4523 sont
1303 4463 1452 4546 smprunte's
1472 4467 1490 4522 ri
1511 4486 1546 4522 sn
1568 4463 1683 4544 dipldmc
1705 4461 1741 4520 du
1762 4461 1803 4520 roi
1823 4459 1929 4528 Raosl,
1950 4459 1988 4520 ds
2008 4461 2030 4519 8
2048 4458 2119 4519 arrii

531 4571 608 4641 923,
619 4569 713 4653 public
724 4568 790 4629 dass
805 4569 829 4628 is
844 4565 962 4630 liscueil
976 4567 1028 4627 des
1043 4567 1197 4627 historiens
1214 4567 1252 4626 de
1263 4565 1294 4626 la
1306 4567 1432 4637 France,
1448 4580 1466 4625 t.
1484 4565 1541 4635 ix,
1553 4588 1582 4647 p.
1597 4566 1675 4633 564,
1689 4571 1717 4624 n·
1728 4561 1871 4624 rra-iii
1889 4562 2019 4622 noscitur
2032 4562 2118 4623 ll.-

532 4674 556 4724 ¹·i
577 4685 729 4756 praecepto
742 4674 777 4732 s'.
793 4708 835 4719 -
849 4670 876 4724 (l)
896 4671 1047 4732 toloneum
1060 4671 1097 4730 α’.
1112 4709 1152 4714 -—
1166 4670 1190 4721 (Ἰ
1206 4669 1411 4730 authoritasa'.
1421 4705 1462 4716 -
1478 4667 1501 4721 (r)
1517 4691 1569 4752 pro
1585 4679 1683 4728 nostro
1702 4667 1833 4727 remedio
1847 4666 1884 4726 α’.
1901 4699 1943 4712 -
1957 4662 1985 4719 bi
2002 4667 2061 4726 sire
2080 4663 2116 4724 ι’.

532 4811 573 4821 -
590 4775 618 4826 lii
642 4776 778 4859 gentisne
795 4777 829 4833 ll.
849 4811 890 4821 —
912 4774 933 4824 ‘il
956 4773 1079 4834 {innitor
1097 4773 1285 4833 concedimus
1302 4773 1373 4832 Ba‘.
1393 4775 1525 4855 Con-ipss
1539 4771 1727 4832 concedimus
1744 4770 1877 4831 firmiter.
1896 4804 1937 4814 -
1956 4767 1980 4822 iil
2003 4790 2117 4829 conscr-

534 4889 635 4938 sentur
656 4881 724 4938 tta'.
742 4881 873 4963 Corripe:
893 4888 1088 4939 conservetur.
1111 4878 1160 4937 Ces
1170 4878 1269 4962 scruta
1289 4899 1440 4938 somniatur
1456 4879 1473 4936 ri
1494 4878 1552 4936 ttr'
1564 4877 1722 4958 poarruient
1730 4876 1811 4957 faire
1823 4895 1919 4956 posset·
1935 4895 1990 4955 qus
2005 4895 2036 4934 re
2055 4871 2118 4933 n'est

530 5006 580 5065 pus
596 4982 733 5065 l'oripirroi
746 4985 828 5041 nrc'rm
842 5004 894 5062 qus
906 4982 976 5041 lours
990 4993 1101 5041 sntsrm
1114 4993 1159 5039 ont
1171 5003 1204 5038 co
1217 5003 1279 5040 sous
1293 4980 1330 5040 les
1342 5003 1421 5065 your
1436 5003 1471 5040 ou
1486 4981 1567 5061 qrr'iis
1579 4993 1624 5039 ont
1636 4978 1764 5062 ronrpls'te'
1773 5002 1809 5037 un
1818 4976 1937 5061 original
1946 4973 2121 5058 sndommgs'

533 5107 596 5144 mcc
613 5109 662 5144 rrrre
675 5089 757 5143 niente
770 5085 974 5166 copissastisr.
990 5119 1033 5131 -
1049 5082 1075 5134 'ii
1096 5106 1190 5165 neque
1200 5086 1348 5166 pactiones
1360 5085 1397 5145 α’.
1410 5120 1453 5132 -
1466 5083 1487 5135 (¹)
1502 5084 1713 5144 redhibitiones
1724 5084 1761 5143 α’.
1775 5116 1817 5130 -
1830 5080 1866 5134 (¹⁸)
1887 5081 1989 5141 omnia
2004 5081 2068 5164 ipse
2081 5078 2119 5140 α’.

533 5224 575 5236 -
587 5188 614 5239 n)
631 5189 699 5247 baec
717 5197 821 5247 statuta
835 5188 873 5248 α’.
886 5223 929 5235 -
944 5188 969 5238 '2⁰³
984 5186 1141 5271 apostolico
1149 5187 1188 5248 α’.
1206 5223 1249 5235 -
1260 5187 1288 5242 bl
1301 5188 1448 5270 proditore
1462 5189 1497 5247 α’.
1518 5223 1561 5233 -
1575 5186 1601 5241 lt)
1618 5189 1762 5247 marsnits
1778 5185 1814 5245 B.
1826 5219 1870 5232 -
1884 5183 1910 5235 i‘l
1925 5181 2029 5244 annuli
2046 5182 2120 5243 Bs'.

533 5292 663 5376 l'orrigez
675 5289 764 5352 anuli.
776 5325 817 5338 -
831 5292 853 5335 ω
875 5312 1067 5372 onogramrna
1081 5290 1117 5351 ll.
1128 5325 1169 5338 -
1185 5290 1207 5344 ii
1230 5291 1334 5351 ascribi
1347 5292 1383 5351 η’.
