5084 6434
480 708 592 808 [987]
1136 704 1410 779 eorumne.
1990 708 2059 779 ros

476 913 618 958 munere
636 887 814 956 sublimius
837 887 1055 979 dignaremur
1076 886 1246 956 decorare.
1267 886 1324 955 Est
1340 888 1432 956 enim
1458 889 1630 981 egregium
1647 884 1750 956 decus
1767 888 1912 981 eritque,
1935 885 2053 982 llpisto

477 1011 622 1087 larente,
646 1012 681 1078 in
701 1009 892 1079 seculorum
908 1011 1083 1103 progenies
1108 1012 1213 1103 ipsius
1240 1011 1434 1079 monasterii
1457 1007 1619 1078 celsitudo
1651 1033 1784 1103 semper
1814 1011 1848 1078 in
1883 1008 2047 1104 tripudio,

477 1133 581 1223 gloria
594 1131 841 1202 monachorum
860 1135 895 1199 in
912 1131 1086 1227 triumpho
1101 1145 1133 1199 et
1148 1131 1306 1201 exultatio
1320 1128 1429 1227 plebis
1447 1130 1628 1227 spiritualis
1639 1128 1665 1182 ll
1681 1134 1715 1199 in
1735 1128 1847 1225 jubilo
1867 1130 1962 1226 quod
1980 1157 2052 1226 pre·

476 1254 555 1325 dicti
582 1249 729 1324 fideleslll
754 1257 858 1322 nostri
885 1256 1069 1323 serenitatis
1096 1268 1207 1342 nostre
1235 1251 1434 1322 fundamine
1461 1252 1699 1350 perpetualiter
1730 1256 1872 1347 cupiunt
1900 1251 2053 1322 stabiliri.

477 1377 593 1466 Nostro
616 1377 786 1471 siquidem
799 1375 984 1445 altitudinis
999 1373 1263 1445 exorabilitatem
1279 1401 1377 1469 prece
1392 1389 1424 1444 et
1435 1390 1511 1445 roto
1530 1375 1673 1470 supplici
1686 1372 1909 1455 adbieruntl‘l,
1927 1379 2052 1472 princi·
2102 1384 2117 1434 5

477 1498 595 1593 paliter
613 1513 726 1568 tamen
742 1525 781 1568 ac
798 1501 958 1593 precipue
973 1501 1060 1567 circa
1071 1497 1229 1567 decorem
1245 1496 1368 1567 domus
1388 1497 1449 1566 Dei
1465 1495 1664 1567 mirabiliter
1682 1496 1916 1568 ardentissimo
1934 1524 2049 1568 amore

477 1620 637 1691 divinitus
655 1623 824 1716 inspirati,
845 1623 1021 1689 memorati
1039 1619 1146 1689 lidelis
1164 1623 1267 1690 nostri
1284 1646 1323 1689 ac
1339 1618 1451 1689 dilecti
1469 1623 1601 1689 comitis
1615 1618 1762 1699 Odonis,
1788 1624 1821 1690 in
1837 1624 1933 1715 cujus
1949 1621 2052 1715 opido

477 1740 679 1837 prelibatum
698 1742 889 1812 dinoscitur
903 1768 972 1809 esse
988 1739 1186 1819 cenobium,
1204 1743 1308 1836 ipsius
1322 1767 1461 1837 quoque
1472 1744 1545 1835 jam
1558 1741 1645 1830 dicte
1665 1745 1817 1836 conjugis
1834 1741 1931 1831 Berte
1949 1747 2056 1838 neptis

477 1880 604 1955 nostre,
617 1866 781 1962 supplicia
793 1880 866 1934 rota
881 1863 1028 1955 benigno
1040 1863 1151 1934 ssirore
1162 1867 1349 1940 extiterunt.
1364 1867 1535 1959 quatinus,
1549 1861 1593 1933 ob
1605 1878 1757 1933 nostrum
1769 1878 1801 1933 et
1811 1889 1911 1933 suurn
1926 1863 2054 1933 ibidem

477 1987 671 2057 memoriale
687 2004 857 2065 etemum,
874 1987 1032 2084 sepedicti
1049 1990 1228 2081 sepiusque
1246 1985 1380 2057 dicendi
1396 1986 1578 2056 archisterii
1599 1987 1782 2055 claustrum
1800 2013 1879 2057 curn
1900 1991 1994 2055 omni
2010 1991 2056 2055 iu·
2086 2026 2117 2057 to

478 2113 623 2201 tegritate
640 2135 779 2180 suorum
803 2109 1052 2204 apenditiorum
1073 2134 1209 2185 eomm,
1227 2108 1350 2178 scilieet
1373 2135 1439 2203 que
1466 2111 1499 2178 in
1519 2113 1595 2202 jure
1617 2106 1859 2180 beneficiorum
1874 2125 1931 2179 aut
1949 2113 2050 2178 eomi-

478 2247 608 2301 tatuurn
627 2232 745 2328 prelati
762 2232 869 2302 lidelis
888 2234 991 2301 nostri
1004 2235 1136 2301 comitis
1148 2231 1294 2310 Odonis,
1307 2235 1374 2300 sive
1386 2257 1490 2326 prope
1501 2235 1568 2300 sive
1584 2231 1698 2325 longe,
1712 2234 1745 2301 in
1759 2231 1911 2326 ejusdem
1923 2258 2051 2300 monas

479 2358 547 2422 terii
564 2358 773 2449 possessione
789 2358 956 2449 pertinere
971 2379 1029 2423 seu
1044 2357 1208 2448 respicere
1226 2353 1383 2424 videntur
1395 2354 1446 2423 rel
1462 2353 1614 2424 lidelium
1635 2353 1812 2424 devotione
1826 2353 2017 2423 futurorum
2026 2350 2052 2401 [¹¹¹

478 2493 628 2571 tempore
642 2475 857 2547 conserentur
867 2475 995 2546 ibidem
1003 2474 1038 2554 ll,
1052 2492 1163 2564 nostre
1173 2476 1346 2546 soliditatis
1359 2501 1527 2571 processu,
1536 2480 1634 2571 quasi
1645 2502 1745 2547 muro
1758 2493 1790 2545 et
1802 2476 1953 2571 quodam
1966 2492 2055 2545 ante

477 2598 614 2677 murali,
639 2597 681 2667 ab
704 2602 799 2668 omni
820 2602 1004 2674 exactione,
1027 2624 1131 2693 quarn
1154 2613 1284 2667 terrena
1297 2601 1431 2691 justicia
1452 2598 1583 2668 videtur
1607 2601 1750 2689 exigere,
1771 2597 1914 2668 liberum
1939 2598 2055 2670 redde·
2086 2609 2116 2661 ιδ

582 2718 600 2769 ‘l
620 2737 650 2789 et
669 2725 833 2791 innuune.
852 2722 955 2814 lgitur
970 2720 1011 2790 de
1031 2722 1091 2789 Dei
1112 2746 1212 2789 causa
1231 2717 1366 2817 atquem
1388 2720 1540 2814 ejusdem
1559 2719 1622 2791 loci
1640 2724 1822 2789 reverentia
1839 2724 1892 2816 pie
1908 2737 2054 2817 pertrac-

477 2721 580 2789 returl

477 2858 596 2922 tantis,
620 2871 682 2941 pro
706 2840 977 2938 deprecationelll
1001 2843 1208 2938 prelatorum
1230 2842 1381 2912 lideliunr
1401 2858 1608 2922 nostrorum,
1628 2846 1773 2912 maxime
1797 2859 1909 2912 tamen
1932 2844 2054 2939 suppli-

475 2962 598 3034 cibustt
616 2970 699 3036 rotis
713 2993 877 3036 consensu
892 2969 1083 3061 pariterque
1097 2966 1243 3059 benigno
1258 2968 1412 3063 superius
1428 2968 1591 3034 nominati
1609 2964 1714 3034 fidelis
1730 2969 1833 3034 nostri
1850 2964 1981 3035 Odonis
2002 2994 2053 3035 co-

477 3091 564 3156 mitis
581 3116 685 3157 necne
698 3089 822 3184 prolate
842 3086 975 3183 ipsiust‘
991 3091 1157 3182 conjum's,
1171 3112 1336 3183 quornm,
1351 3103 1388 3156 ut
1403 3087 1605 3165 dictumest,
1623 3087 1816 3183 suppliciter
1824 3084 1852 3137 (Μ
1867 3088 2051 3176 invigilanti

475 3206 792 3306 sollertial'lpresens
804 3226 915 3300 nostre
925 3209 1329 3305 auctoritatissupradicto
1341 3213 1544 3279 monasterio
1555 3207 1726 3279 confertur
1738 3208 1949 3286 anchoram
1960 3236 2055 3281 more
2082 3237 2116 3269 ²⁰

477 3335 563 3426 regie
582 3332 803 3411 celsitudinis,
819 3333 1029 3402 decrevimus
1047 3347 1147 3427 atque
1158 3335 1394 3401 constituimus
1410 3347 1626 3428 prenotatum
1643 3334 1779 3402 oratorii
1790 3329 1825 3381 l'l
1846 3331 1957 3401 lorum
1974 3359 2053 3402 cunr

476 3459 603 3524 cunctis
620 3454 744 3524 sinibus
764 3481 876 3523 rerum
897 3458 931 3523 in
954 3457 1116 3524 universis
1138 3452 1353 3524 comitatibus
1371 3456 1438 3524 siae
1458 3452 1630 3524 beneficiis
1646 3480 1722 3550 sepe
1748 3457 1925 3523 memorati
1949 3455 2055 3523 lidelis

477 3581 578 3647 nostri
594 3576 726 3647 Odonis
739 3580 871 3646 comitis
882 3574 944 3645 sibi
957 3576 1185 3670 adjacentium
1198 3576 1428 3646 universaliter
1440 3575 1483 3645 ab
1494 3579 1587 3645 ornni
1605 3591 1755 3672 respectu
1767 3576 1923 3670 judicum
1938 3578 2056 3647 ordine

477 3700 595 3768 mundi
610 3700 808 3769 decurrente
820 3697 1005 3769 inviolabili
1017 3698 1180 3769 soliditate
1193 3697 1343 3768 solutum
1357 3713 1389 3767 et
1400 3695 1601 3768 illibatuml'l
1612 3723 1824 3792 permanere,
1837 3726 1874 3766 ea
1887 3700 2055 3794 siquidem

477 3824 603 3892 ratione
623 3837 659 3891 ut
681 3819 723 3890 ab
737 3821 899 3892 hodierna
916 3821 970 3891 die
983 3836 1015 3890 et
1029 3820 1202 3916 deinceps,
1219 3837 1348 3890 remota
1363 3824 1519 3890 omniurn
1536 3835 1712 3915 potestate,
1728 3819 1822 3890 nullo
1837 3821 1946 3899 aditu,
1960 3821 2052 3890 nullo
2082 3831 2115 3880 st

477 3959 642 4038 tempore,
660 3944 781 4038 aliquis
795 3946 989 4040 principum
1001 3943 1299 4014 ecclesiasticorum
1316 3957 1373 4011 ant
1388 3942 1606 4020 merdarium,
1617 3942 1832 4038 pontificum,
1846 3941 1972 4012 dueum
1982 4000 1989 4020 ,
2001 3970 2053 4011 co-

476 4069 616 4142 mitum,
633 4069 835 4135 vicariorum
855 4066 905 4135 rel
923 4064 1155 4161 quorumlibet
1174 4065 1295 4137 diversi
1319 4067 1466 4134 nominis
1481 4063 1676 4134 officialitun
1703 4067 1737 4133 in
1753 4064 2052 4160 claustrupredicti

476 4191 668 4257 monasterii
686 4202 742 4255 aut
761 4191 795 4256 in
814 4191 942 4257 cunctis
960 4186 1075 4268 rebus,
1089 4191 1184 4282 juata
1198 4186 1291 4283 quod
1307 4191 1459 4284 superius
1476 4185 1647 4256 decretum
1664 4202 1727 4260 est.
1745 4189 1807 4283 ipsi
1822 4185 2054 4281 adjacentibus

475 4307 603 4405 aliquas
622 4312 758 4404 impetat
778 4313 979 4388 sanctiones,
999 4309 1031 4380 id
1056 4325 1103 4380 est
1119 4335 1228 4406 neque
1246 4307 1399 4380 bannum
1418 4334 1529 4406 neque
1543 4307 1732 4380 districtum
1750 4323 1807 4379 aut
1829 4308 1995 4406 quiequid
2018 4313 2052 4379 in

475 4429 590 4526 aliquo
607 4447 736 4522 terrene
753 4435 886 4525 justicie
906 4433 1001 4502 titulo
1024 4431 1089 4501 diri
1109 4448 1233 4528 potest,
1254 4429 1432 4527 videatque
1449 4434 1503 4528 pia
1519 4457 1557 4501 ac
1575 4430 1713 4527 provida
1732 4429 1956 4501 sollicitudine
1977 4448 2051 4502 tum
2081 4445 2116 4492 δυ

519 4685 542 4735 “i
554 4684 673 4769 spiritali
693 4686 731 4751 tt,
747 4686 859 4768 spirital
874 4686 934 4745 ct).
945 4719 986 4731 -
1000 4685 1026 4735 (Ψ
1043 4684 1094 4744 CD
1108 4695 1213 4745 mutent
1225 4696 1282 4744 tort
1298 4684 1321 4743 le
1334 4706 1448 4766 persepe
1461 4709 1468 4740 :
1485 4682 1588 4745 fideles
1602 4686 1690 4743 nocui
1705 4686 1866 4745 serenitatis
1879 4696 1977 4761 nostre
1992 4685 2056 4745 lan·

476 4789 595 4849 (lamine
603 4835 694 4848 .....
714 4810 772 4871 φη
793 4791 822 4848 in
834 4797 900 4869 jure
920 4788 1128 4849 beneficiorum
1142 4801 1191 4848 aut
1203 4790 1394 4848 comitatuum
1411 4788 1570 4870 prelati...
1590 4785 1992 4871 &miserationesque
2003 4811 2057 4872 par

479 4892 600 4957 ΒΕῙῸς
617 4892 814 4952 noasl'oilr'toru
826 4891 932 4973 alapres
947 4891 987 4959 B,
1009 4891 1076 4951 ιιωίι
1093 4914 1125 4951 ea
1139 4893 1298 4952 matiana!
1318 4894 1337 4951 ri
1356 4902 1450 4949 mettre
1469 4889 1513 4951 dar
1529 4912 1560 4966 a,
1584 4912 1685 4952 com
1701 4889 1821 4951 atttem
1839 4926 1882 4938 -
1901 4890 1924 4943 (Ἰ
1940 4890 1997 4954 Sic.
2014 4926 2055 4941 -

477 4995 504 5045 ''ll
518 4996 615 5055 lulum
629 4995 694 5062 CD‚·
715 4997 741 5054 ln
762 4996 835 5071 lecort
849 4995 882 5053 da
897 4995 922 5054 Β
940 5007 977 5054 est
995 4994 1138 5077 confraria
1149 5018 1203 5076 par
1215 4993 1253 5055 G.
1269 5029 1311 5042 -
1326 4993 1351 5044 l‘l
1371 4994 1481 5055 ibidem
1502 4994 1669 5055 censemur
1683 4994 1744 5054 CD.
1760 5028 1802 5042 -
1820 4992 1847 5046 (n
1862 4994 2002 5057 reddetur
2015 4996 2056 5063 B.

479 5098 591 5158 ridetur
602 5099 637 5158 l).
650 5134 690 5146 -
715 5101 740 5149 ‘tl
756 5110 842 5181 atque
855 5100 921 5158 onis
936 5120 989 5182 par
1008 5098 1044 5158 l).
1060 5133 1101 5146 -
1115 5097 1145 5150 (Β)
1163 5121 1214 5181 per
1227 5096 1464 5182 &pretationem
1478 5096 1544 5165 CD:
1564 5098 1601 5158 tet
1611 5098 1745 5159 onmia
1760 5098 1835 5175 lopun
1846 5097 1880 5160 du
1896 5098 1922 5160 B
1937 5113 1975 5160 ert
1996 5122 2059 5161 corr·

469 5203 568 5287 finci
579 5226 631 5284 par
645 5202 683 5263 G.
699 5238 740 5250 -
757 5201 779 5254 ll
793 5201 951 5285 mplieibus
964 5202 1083 5261 l).-·ll
1099 5203 1186 5286 ipsius
1205 5200 1315 5283 prolate
1328 5201 1388 5264 CI).
1399 5236 1442 5248 -
1455 5201 1482 5253 a,
1493 5201 1640 5285 supliciter
1656 5200 1693 5262 D.
1710 5235 1753 5250 -
1778 5200 1799 5254 tt
1813 5201 1943 5264 „tlervia
1959 5203 1992 5265 C.
2013 5238 2054 5251 -

478 5306 512 5353 ί*
530 5309 688 5365 oratorium
706 5306 742 5365 l).
753 5306 829 5356 -l·l
844 5304 994 5366 illabatnnr
1012 5305 1048 5365 l).
