5084 6434
1063 714 1464 788 INTRODUCTlON.
2004 742 2059 787 nn

477 899 649 975 daremus
677 914 849 1004 precepto
864 935 889 972 ·.
916 896 1031 1002 Apres
1061 897 1168 1003 quoi,
1193 896 1367 974 viennent
1396 895 1486 972 dans
1512 894 1546 972 le
1575 894 1737 1000 premier
1761 892 1975 1002 diptometl,
2008 892 2060 972 les

477 1045 571 1107 mots
599 1060 608 1104 ε
635 1027 748 1117 ·Cui,
780 1045 823 1105 ut
848 1028 1003 1133 dignum
1025 1028 1160 1116 luerat,
1187 1056 1373 1105 assensum
1398 1025 1630 1134 praebentes,
1652 1025 1775 1102 villam
1796 1055 1908 1133 quam
1930 1055 2059 1134 supra·

476 1160 650 1247 diximus,
668 1160 820 1237 Cortem
839 1160 867 1234 F
870 1189 935 1268 aga
957 1159 1121 1243 nomine,
1141 1177 1264 1236 nostro
1280 1158 1491 1267 jamdictae
1510 1157 1681 1235 dominae
1703 1157 1907 1235 comitissae
1921 1157 2057 1235 lldelae

478 1309 671 1401 praecepto
695 1321 779 1369 cum
802 1291 975 1368 omnibus
1002 1290 1049 1367 ad
1070 1320 1109 1368 se
1125 1289 1391 1397 pertinentibus
1410 1289 1651 1366 firmavimus.
1671 1351 1707 1366 ..
1747 1306 1789 1366 ut
1813 1288 1946 1366 babeat
1973 1289 2059 1365 inde

478 1439 693 1531 potestatem
719 1421 875 1499 faciendi
901 1421 1079 1529 quicquid
1105 1420 1260 1498 voluerit
1287 1423 1363 1499 sine
1388 1421 1489 1499 omni
1509 1421 1795 1499 contradictione
1811 1458 1836 1505 ι,
1858 1439 1953 1499 mots
1971 1450 2058 1497 aux-

478 1554 598 1662 quels,
613 1556 704 1632 dans
715 1553 750 1632 le
766 1553 959 1631 deuxi'eme
973 1552 1136 1661 dipldme
1146 1553 1189 1639 (ᾖ),
1199 1554 1422 1660 correspond
1434 1553 1468 1629 la
1482 1553 1611 1660 phrase
1626 1584 1635 1627 τ
1650 1591 1663 1621 ι
1678 1551 1792 1660 Cujus
1803 1552 2056 1659 petitionibus,

477 1687 630 1794 dignum
647 1702 759 1793 prout
777 1703 847 1774 est,
867 1685 1046 1772 laverites,
1069 1685 1234 1791 predicto
1250 1685 1375 1762 comiti
1394 1685 1599 1791 predictum
1614 1683 1743 1761 damus
1763 1702 1870 1791 atque
1886 1683 2062 1791 largimus·

479 1817 673 1901 lorestum,
693 1835 735 1894 ut
757 1817 905 1904 babeat,
929 1834 1065 1903 teneat,
1090 1817 1275 1923 possideat
1300 1817 1373 1893 suis
1396 1846 1479 1893 cum
1505 1814 1552 1892 ad
1582 1845 1620 1892 se
1652 1816 1953 1920 pertinentiis...
1982 1817 2059 1894 sine

480 1949 580 2027 omni
598 1948 926 2025 contradictione».
951 1947 1074 2034 Enlrn,
1093 1948 1167 2024 l'un
1189 1964 1225 2025 et
1241 1947 1402 2025 l'autrel³l
1424 1977 1461 2023 se
1486 1947 1684 2024 terminent
1704 1976 1769 2052 par
1790 1947 1823 2023 la
1843 1957 1963 2024 meme
1983 1948 2059 2025 sor·

480 2079 603 2157 mule:
625 2081 697 2155 «Et
710 2097 753 2156 ut
772 2080 914 2156 firmius
931 2097 1077 2156 maneat
1094 2078 1419 2186 inconvulsumque
1437 2097 1609 2165 servetur,
1632 2079 1701 2154 hoc
1720 2078 1754 2154 ei
1767 2079 1797 2141 (s)
1820 2097 2056 2185 praeceptum

478 2210 557 2288 lieri
582 2211 758 2318 jussimus
783 2227 821 2287 et
849 2239 959 2286 manu
987 2210 1172 2316 proprisi)
1196 2209 1322 2288 subter
1346 2210 1531 2288 firmantes
1560 2208 1669 2286 anulo
1703 2209 1863 2287 nostrol⁶l
1882 2209 2057 2316 jussimus

478 2341 624 2449 sigillari
634 2343 664 2406 (n
679 2381 705 2418 ·.
846 2430 849 2434 ⁴

534 2474 655 2551 Meme
684 2471 922 2579 parallelisme
946 2473 1035 2550 dans
1058 2473 1154 2551 deux
1183 2491 1280 2550 actes
1301 2502 1398 2581 pour
1419 2472 1469 2550 les
1491 2471 1935 2580 abbayesd’llomblieres
1955 2474 2058 2552 etde

477 2589 918 2699 Saiut-Quentin-en·l'lle
940 2604 1109 2692 dclivres,
1127 2604 1199 2682 l'un
1213 2605 1269 2709 (n0
1285 2606 1348 2708 ΙΧ)
1367 2623 1468 2682 entre
1484 2609 1564 2708 peili
1581 2610 1725 2708 et95ti,
1741 2604 1866 2682 l’autre
1878 2606 2059 2710 (nxttt)

478 2766 524 2814 ⁰¹¹
547 2766 654 2839 977²

776 2887 813 2949 Νο
837 2888 878 2950 nt
890 2884 929 2949 ll).
1593 2887 1630 2949 Ν
1645 2887 1725 2950 XLll
1738 2885 1776 2948 (⁹).

525 3036 573 3112 si,
585 3036 701 3099 divinis
713 3036 986 3124 cultibusoperain
996 3038 1118 3113 dantes,
1130 3060 1232 3101 sacrae

479 3149 619 3233 religioni
646 3151 812 3234 suffragari
833 3151 975 3225 nitimur,
995 3152 1230 3237 progenitorum

478 3272 658 3326 nostrorum
674 3262 843 3349 privilegiis
862 3261 949 3339 sulti,
965 3265 1050 3348 regio
1067 3286 1153 3327 more
1172 3265 1230 3326 uti·

479 3397 562 3438 ntur.
591 3375 687 3460 Igitur
721 3386 831 3438 notum
859 3378 898 3439 sit
932 3377 1084 3439 universis
1110 3387 1232 3440 sanctae

479 3488 588 3550 retatus
598 3486 745 3552 ecclesiae
758 3487 830 3551 filiis
842 3498 904 3551 tarn
915 3489 1232 3575 promentibusquam

478 3596 593 3662 suturis
619 3600 694 3685 quia
718 3602 846 3664 accessit
869 3602 1022 3663 bernerus
1046 3600 1156 3677 abbas,
1176 3603 1230 3688 qui

478 3710 573 3775 cellae
595 3711 826 3776 llumolan‘ensi
860 3723 993 3799 praeest,
1018 3724 1154 3777 nostram
1179 3714 1231 3777 hu-

478 3823 596 3887 militer
636 3847 765 3888 exorans
814 3825 1012 3889 clementiam
1060 3836 1093 3889 ut
1146 3826 1230 3889 idern

476 3938 682 4011 coenubium,
695 3939 726 4000 iu
739 3937 856 4002 honore
872 3948 994 4002 sanictae
1011 3941 1065 4002 ltei
1074 3941 1232 4023 genitricis

477 4060 508 4113 et
542 4072 666 4136 semper
692 4052 818 4134 virginis
851 4052 964 4115 Mariae
998 4061 1230 4126 constructum,

477 4164 545 4238 cui,
567 4173 601 4226 ut
621 4162 777 4240 diximus,
801 4175 937 4250 praeest,
957 4166 1148 4229 auctoritatis
1163 4186 1231 4228 uos·

478 4284 541 4336 trae
569 4278 748 4339 munimine
771 4286 989 4340 tutaretur...
1016 4278 1108 4356 Quod
1132 4277 1231 4341 lacere

475 4385 739 4453 decernentes...

519 4637 545 4680 ‘¹¹
572 4639 731 4723 N·xx.p.
749 4642 804 4706 di,
823 4639 841 4698 l.
861 4642 909 4699 αἵ).

519 4740 544 4783 ³¹
568 4744 603 4803 N·
620 4742 742 4809 XXXll,
758 4768 785 4827 p.
804 4766 858 4827 79,
873 4743 889 4803 l.
910 4746 937 4804 5.

518 4845 543 4886 ‘¹¹
568 4845 1229 4933 u·xx,p.is,i.s,nn·xxx11.p.79.t.e.

517 4948 544 4989 “l
568 4949 608 5008 1ae
625 4956 656 5008 n·
670 4950 737 5020 XX,
755 4973 783 5035 p.
797 4953 853 5018 ἠδ,
870 4949 934 5021 l.5,
951 4959 1046 5034 ajoute
1066 4950 1230 5012 uindella

476 5053 550 5110 suite
563 5051 601 5113 de
615 5054 650 5113 ei.

519 5156 545 5195 μ’
570 5157 608 5216 le
622 5165 653 5216 n·
668 5156 735 5227 XX,
752 5180 778 5242 p.
795 5161 850 5228 ill,
867 5157 885 5217 l.
904 5160 939 5228 5,
960 5156 1231 5242 nedonnepules

476 5269 553 5319 moto
567 5272 592 5318 et
609 5283 689 5319 mauu
700 5263 824 5344 proprie.

1356 3037 1522 3109 Sidicinis
1537 3036 1941 3124 cultibusoperarndautes,
1957 3059 2059 3101 sacrae

1309 3151 1449 3236 religioni
1467 3152 1630 3234 suffragari
1651 3152 1799 3228 nitimur,
1821 3152 2055 3238 pnigenitorunr

1310 3275 1490 3329 nostrorum
1511 3263 1680 3351 prii'eligiis
1702 3262 1788 3337 sulti,
1808 3267 1880 3348 jure
1896 3266 1979 3349 regio
1998 3266 2056 3328 uti·

1310 3401 1393 3441 ntur.
1426 3378 1521 3461 lgitur
1549 3388 1661 3442 notum
1687 3379 1726 3442 sit
1757 3379 1906 3442 omuibus
1938 3387 2060 3443 sanctae

1309 3489 1570 3553 niatrisecclesiae
1582 3488 1654 3552 liliis
1664 3499 1728 3553 taiu
1741 3491 1954 3577 praesentibus
1964 3513 2060 3577 quani

1310 3599 1425 3665 suturis
1442 3601 1527 3686 quod
1546 3601 1719 3674 Arnoldus,
1735 3604 1831 3666 ablue
1848 3604 1943 3668 cellae
1962 3605 2061 3667 sancti

1309 3716 1469 3792 Quintini,
1485 3735 1565 3801 quae
1588 3716 1643 3778 siu
1664 3726 1709 3778 est
1729 3716 1761 3777 in
1778 3716 1874 3780 lluviu
1892 3716 2059 3789 Soiiwnae,

1310 3829 1340 3888 in
1357 3828 1509 3890 suburbio
1531 3827 1673 3911 ejusdem
1697 3830 1877 3915 municipii,
1900 3840 1971 3893 aute
1990 3853 2058 3892 nos·

1309 3950 1389 4002 trarn
1410 3942 1537 4003 accessit
1567 3943 1786 4026 praesentiam,
1811 3941 1974 4004 humiliter
1989 3966 2057 4004 nos·
2127 3973 2140 3995 o

1310 4064 1391 4116 tram
1409 4075 1538 4116 exorans
1554 4052 1769 4118 excellentiam
1793 4065 1829 4119 ut
1849 4054 1938 4118 villae
1955 4058 2054 4120 macti

1309 4166 1471 4243 Quintini.
1489 4216 1519 4230 ..
1553 4165 1680 4252 aliquod
1713 4189 1748 4229 ex
1775 4177 1880 4231 nostru
1910 4168 2060 4232 luiteliciu

1310 4277 1503 4362 largimnrur.
1536 4279 1628 4357 Quod
1658 4302 1716 4366 piu
1747 4281 1802 4343 Ilei
1830 4303 1936 4344 anione
1962 4280 2060 4345 taoeie

1309 4391 1520 4456 ‹li-cmviinus.
1538 4443 1544 4455 .
1562 4443 1568 4455 .

1353 4642 1377 4681 “³
1401 4642 1440 4701 Le
1461 4652 1491 4701 n'
1514 4641 1579 4709 XX,
1601 4668 1627 4726 p.
1649 4643 1703 4709 dd,
1726 4641 1797 4710 lli,
1820 4644 1964 4728 roriiplace
1980 4650 2061 4708 anulo

1308 4759 1396 4804 riostro
1410 4768 1461 4830 par
1473 4746 1553 4803 nunilo
1570 4749 1653 4805 nostri
1663 4748 1774 4828 pelusii.

1352 4847 1376 4890 *θ’
1399 4848 1522 4931 Sigillari
1534 4850 1682 4934 cemplaed
1698 4872 1752 4933 ptr
1765 4853 1888 4933 iniqniri
1903 4876 1940 4912 au
1952 4864 1983 4913 n‘
1993 4855 2061 4922 XX,

1310 4974 1337 5036 p.
1352 4954 1407 5021 dt,
1421 4951 1441 5014 t.
1455 4951 1485 5013 6.

1351 5056 1376 5098 “³
1402 5057 1431 5115 Ρ.
1453 5056 1504 5122 18,
1521 5055 1541 5116 l.
1558 5060 1606 5115 23.

1353 5160 1377 5198 ‘b
1404 5162 1432 5218 Ρ,
1450 5182 1505 5242 99·
1523 5160 1540 5221 l.
1562 5164 1605 5221 18.
