5084 6434
490 704 539 774 so
1143 699 1416 772 aurnuns.
1962 700 2075 800 [9ss]

486 903 513 939 u.
535 878 666 947 chifflet,
684 880 806 939 Histoire
819 879 853 938 de
865 878 987 963 i'nbiuye
1004 879 1098 962 royuie
1114 891 1139 939 ct
1154 877 1187 937 de
1199 878 1226 937 in
1240 877 1303 937 viiie
1317 876 1350 936 dc
1367 878 1506 947 Tonrnus,
1524 877 1656 944 preuves,
1673 877 1792 960 pado,
1808 876 1923 961 d'npres
1941 875 2013 938 11⁰².
2031 913 2076 926 —

571 984 596 1043 i.
619 984 742 1054 taenia,
760 983 889 1044 Nouoelie
909 983 1018 1044 histoire
1038 981 1072 1043 de
1095 982 1208 1042 t'attan
1231 983 1325 1065 myrris
1343 993 1369 1040 et
1388 981 1526 1065 coile'qiuie
1548 980 1580 1041 dc
1595 981 1802 1043 Soirrt-i'itr'bert
1820 994 1845 1041 et
1862 980 1896 1042 de
1912 980 1939 1042 in
1957 982 2022 1043 aitte
2040 981 2074 1043 de

575 1089 713 1157 i'ournus,
729 1089 864 1156 Preuees,
881 1111 908 1171 p.
929 1089 1000 1157 115,
1015 1087 1128 1170 d'npres
1139 1111 1167 1146 n.
1181 1123 1223 1132 -
1236 1109 1259 1146 e.
1284 1086 1397 1147 Recueii
1408 1085 1453 1146 des
1464 1085 1604 1147 historiens
1619 1084 1653 1146 de
1666 1088 1691 1146 iu
1708 1087 1827 1156 Franco,
1841 1097 1863 1147 t.
1879 1087 1934 1153 lx,
1950 1108 1980 1172 p.
1994 1085 2074 1159 διο,

571 1200 603 1251 n·
615 1213 660 1261 vr,
676 1191 789 1276 d’apres
801 1214 828 1252 u.

448 1371 463 1422 5
485 1363 600 1432 lauro:
617 1360 794 1444 Breqnigny,
811 1359 894 1421 Tabia
907 1359 1130 1441 eimuotoqiqna,
1146 1372 1166 1420 t.
1181 1360 1208 1429 l,
1224 1382 1253 1443 p.
1267 1359 1340 1426 rau
1356 1394 1398 1406 -
1414 1359 1553 1432 Bohmer,
1568 1359 1699 1441 depasta,
1712 1370 1733 1420 t.
1747 1360 1774 1431 Ι,
1788 1381 1817 1442 p.
1838 1380 1912 1444 ¹9²·
1928 1368 1961 1420 n·
1978 1360 2073 1422 2032.

539 1561 605 1633 Ιιι(·)
621 1573 741 1633 nomine
759 1583 874 1632 sanctae
891 1582 922 1630 et
938 1570 1105 1631 individuae
1122 1570 1281 1631 Trinitatis.
1302 1559 1517 1642 HiothariUS,
1533 1569 1633 1631 divina
1650 1571 1825 1655 propitiante
1845 1567 2002 1630 clementia
2022 1592 2072 1631 rex

484 1674 672 1756 Francorum.
690 1695 721 1756 si
739 1693 822 1755 cultis
835 1704 865 1754 et
879 1694 942 1753 Deo
959 1692 1061 1754 dicatis
1077 1692 1146 1752 locis
1163 1717 1196 1752 nc
1214 1715 1363 1754 serrorum
1378 1693 1434 1753 Dei
1452 1693 1669 1754 necessitatibus
1684 1691 1802 1776 aliquod
1820 1691 1983 1753 subsidium
1999 1715 2070 1753 con·

484 1817 617 1888 terimus,
638 1840 698 1878 non
724 1816 818 1877 solum
845 1814 973 1898 regalem
999 1817 1028 1874 in
1053 1815 1108 1875 hoc
1129 1814 1269 1875 decenter
1293 1836 1461 1875 exercemus
1482 1815 1672 1897 dignitatem,
1697 1837 1796 1874 renim
1818 1815 1908 1875 etiam
1932 1825 2070 1875 aeternae

483 1941 726 2000 remunerationis
751 1941 881 2023 praemia
906 1938 975 1998 inde
1002 1938 1086 1998 uobis
1112 1940 1265 2020 provenire
1289 1936 1402 2020 iiquido
1424 1937 1608 1999 confidimus.
1632 1937 1774 2014 Quocirca
1800 1938 2070 1999 noveritomnium

429 2084 461 2118 ro
481 2073 596 2124 sanctae
622 2063 678 2123 Dei
708 2060 845 2122 ecclesiae
871 2059 1004 2120 fidetium
1027 2071 1251 2143 nostrorumque
1275 2061 1472 2143 praesentium
1494 2083 1527 2120 ac
1556 2060 1720 2120 futurorum
1743 2060 1884 2121 industria
1911 2060 2069 2145 quonim,

481 2186 635 2244 intimante
650 2174 796 2244 Heriveo
818 2182 975 2242 renembiti
996 2182 1101 2243 abbate
1123 2204 1238 2242 necnon
1258 2193 1289 2242 et
1310 2181 1486 2265 deprecante
1508 2181 1588 2242 fideli
1609 2194 1707 2243 riostro
1728 2170 1941 2267 Ragenoido,
1961 2183 2067 2243 comite

481 2305 675 2377 nobilissimo,
696 2317 839 2388 quatenus
857 2316 1025 2389 praecepta,
1042 2326 1116 2387 quae
1136 2304 1267 2363 t'ecenmt
1288 2315 1483 2364 antecessores
1502 2306 1591 2363 nostri
1613 2305 1717 2365 beatem
1735 2314 1766 2363 et
1785 2305 1976 2364 intemeratae
1990 2325 2065 2363 sern-

480 2449 588 2511 perque
614 2428 719 2510 virgini
749 2428 857 2488 Mariae
885 2451 919 2487 ac
943 2438 1043 2488 sancto
1067 2427 1090 2485 F
1092 2426 1222 2496 iliberto,
1248 2426 1354 2486 Christi
1374 2426 1531 2487 consessori
1555 2428 1687 2509 egregio,
1704 2426 1803 2487 abbati
1825 2425 1990 2510 supradicto
2007 2426 2065 2485 sire

480 2549 629 2610 monachis
657 2549 911 2611 corroboraremus
933 2549 972 2610 ob
994 2572 1124 2610 amorem
1154 2550 1208 2608 Dei
1235 2560 1265 2608 et
1293 2550 1470 2633 prefatorum
1495 2559 1662 2609 sanctorum
1687 2550 1847 2632 patrocinia
1870 2559 2065 2632 aeterrraeqne

426 2679 456 2729 15
478 2673 721 2732 remunerationis
738 2675 917 2756 praemium,
937 2693 1052 2733 necnon
1074 2683 1103 2731 et
1120 2671 1313 2731 elemosinam
1332 2673 1441 2757 proavi
1466 2673 1556 2732 nostri
1574 2670 1727 2732 Hludorici
1746 2672 1822 2753 regis
1840 2671 1961 2754 piissimi
1977 2681 2064 2754 atque

475 2795 615 2877 genitoris
631 2796 721 2855 nostri
737 2784 934 2864 Hiudorioi,
951 2806 981 2854 et
1001 2818 1053 2878 pro
1073 2794 1164 2855 salute
1184 2805 1281 2854 nostra
1302 2805 1434 2877 statuque
1452 2796 1539 2854 totius
1562 2796 1645 2876 regni
1666 2795 1771 2864 nostri,
1787 2815 1841 2853 nos
1857 2804 1972 2865 numm,
1991 2793 2063 2878 peti·

476 2902 585 2977 nonii)
602 2916 736 2978 fidelium
753 2929 919 2978 nostrorum
934 2939 1083 2978 assensum
1099 2916 1272 3000 praebentes
1287 2917 1532 3001 supradictorum,
1549 2917 1757 2977 confirmamus
1771 2926 1858 3000 atque
1875 2915 2067 2977 concedimus

476 3040 632 3100 venerabiii
653 3040 752 3101 abbati
779 3031 924 3100 Heriveo
949 3041 1229 3123 congregationique
1257 3037 1311 3097 sibi
1339 3041 1509 3099 eurrunissae
1532 3039 1680 3099 abbatiam
1703 3041 1796 3099 sancti
1817 3036 1966 3101 Valeriani
1985 3059 2061 3099 mar·

475 3163 558 3244 turis,
581 3183 656 3243 quae
679 3163 772 3221 estin
797 3183 872 3244 pago
895 3160 1081 3222 Cabilonensi
1105 3183 1192 3244 super
1213 3162 1398 3243 sagonnam,
1424 3162 1474 3221 ubi
1496 3163 1557 3245 ipse
1580 3182 1701 3245 corpore
1722 3162 1858 3244 quiescit,
1881 3171 1911 3221 et
1935 3170 2061 3221 oestrum

419 3307 453 3341 ιο
473 3282 700 3353 Trenorchium,
716 3283 795 3365 (prod
811 3293 855 3342 est
871 3304 906 3341 er
923 3281 1027 3342 eadem
1046 3282 1176 3351 abbatia,
1195 3305 1246 3341 seu
1265 3293 1296 3340 et
1318 3305 1421 3341 omnes
1446 3305 1490 3341 res
1518 3305 1593 3365 (prae
1618 3281 1689 3342 oiim
1710 3306 1726 3342 a
1750 3281 1884 3341 fidelibus
1898 3281 2060 3342 christianis

474 3404 621 3486 praedicto
637 3405 755 3486 martyri
776 3402 897 3463 collatae
920 3415 988 3463 sunt
1007 3415 1035 3463 et
1052 3404 1227 3464 Turnotinm
1243 3403 1342 3464 viltam
1363 3427 1430 3464 curn
1445 3407 1526 3463 orrrni
1546 3427 1576 3463 re
1596 3405 1650 3463 sibi
1668 3407 1834 3487 pertinente
1858 3414 1889 3463 et
1913 3404 2059 3465 utriscum

474 3525 572 3585 sillam
594 3528 624 3584 in
644 3547 719 3608 pago
741 3525 928 3607 Lugdunensi
949 3536 979 3585 et
995 3525 1100 3586 celiam
1118 3528 1208 3587 sancti
1229 3527 1354 3587 Romani
1376 3528 1405 3586 in
1427 3549 1502 3610 pago
1526 3528 1730 3586 Matisconensi
1748 3550 1815 3586 rum
1837 3527 1919 3586 omni
1939 3528 2059 3609 integri·

473 3660 545 3716 tate,
559 3647 740 3707 Olcasiamur
760 3646 858 3708 viliam
871 3650 901 3707 in
921 3650 982 3731 ipso
997 3670 1087 3731 pago,
1109 3649 1260 3709 Abrincum
1277 3648 1375 3709 viliam
1393 3672 1461 3708 rum
1478 3648 1612 3719 ecelesia,
1626 3650 1787 3708 Lorincum
1803 3646 1902 3708 villam
1914 3671 1983 3709 enm
1995 3670 2057 3709 om·

473 3770 558 3829 nibus
570 3769 764 3853 appendiciis,
780 3769 884 3831 reliam
900 3773 991 3831 sancti
1014 3772 1143 3831 Pontiani
1166 3795 1233 3832 cunr
1257 3773 1339 3832 omni
1362 3773 1542 3852 integritate,
1567 3769 1732 3830 (kinaldum
1757 3771 1968 3830 monasterinm
1990 3794 2056 3830 cum

416 3903 449 3953 aa
469 3892 606 3952 munibus
624 3891 660 3953 ad
674 3915 704 3952 se
722 3895 948 3977 pertinentibus,
971 3893 1067 3954 Godid
1085 3892 1324 3954 monasteriolum
1346 3916 1411 3952 carin
1432 3895 1514 3953 omni
1542 3892 1739 3976 plenitudine,
1758 3916 1793 3953 eo
1811 3890 1946 3953 videlicet
1968 3892 2059 3953 modo

511 4136 535 4183 ‘³¹
559 4135 609 4194 Las
622 4156 749 4217 passapes
763 4135 898 4216 imprimes
913 4157 945 4194 en
956 4135 1023 4218 petit
1044 4147 1118 4195 texte
1136 4147 1195 4195 sont
1209 4134 1359 4218 empruntis
1377 4137 1394 4194 rt
1414 4157 1451 4194 un
1468 4132 1583 4218 dipidme
1599 4134 1632 4195 de
1649 4134 1733 4195 noun
1751 4133 1768 4192 1
1773 4133 1803 4203 V,
1821 4131 1859 4194 du
1879 4132 2060 4196 amatre

467 4237 545 4308 itti,
565 4236 657 4321 pubtie'
676 4237 790 4297 d'rrbord
808 4260 863 4320 per
882 4238 1003 4320 Chrfflet,
1025 4261 1052 4320 p.
1072 4237 1226 4306 277-280,
1242 4239 1305 4322 pais
1326 4237 1393 4298 dans
1414 4238 1438 4298 te
1456 4237 1571 4298 Recueil
1590 4237 1641 4298 des
1656 4237 1810 4298 historiens
1825 4238 1862 4298 de
1880 4238 1907 4298 ia
1926 4239 2057 4309 Franco,

467 4354 485 4400 t.
504 4341 559 4408 ΙΧ,
577 4363 607 4423 p.
621 4341 698 4409 593,
715 4349 743 4400 n·
760 4362 788 4399 ι’,
805 4376 847 4387 -
863 4340 889 4392 ¹⁸]
913 4343 1067 4424 petitiones
1082 4365 1108 4402 a.
1127 4340 1259 4425 Corripez
1276 4344 1418 4426 petitioni,

466 4577 579 4636 t'anne'e
600 4580 671 4661 9¹¹9·
692 4579 741 4638 On
764 4602 782 4661 y
806 4579 864 4637 mit
888 4578 963 4638 ibert
985 4577 1022 4637 de
1047 4578 1217 4646 Ribemont,
1340 4576 1364 4620 (¹)
1388 4575 1517 4648 (lhiffler,
1549 4579 1600 4660 qui
1632 4601 1648 4636 a
1679 4577 1758 4637 edite
1791 4576 1820 4637 le
1851 4572 1983 4661 dipssrne
2012 4574 2056 4637 de

463 4680 522 4739 aliu
537 4680 684 4741 d'ohtenir
697 4681 900 4741 confirmation
914 4681 951 4741 de
966 4680 993 4741 la
1010 4681 1133 4743 reiorme
1148 4680 1218 4764 qn'il
1296 4682 1382 4741 lonis
1396 4681 1443 4748 IV.
1457 4703 1514 4764 que
1529 4679 1670 4743 confirmo
1689 4682 1725 4741 ici
1743 4679 1894 4751 imbuite,
1911 4701 1943 4742 so
1957 4679 2050 4741 borne

466 4785 561 4842 sensit
572 4783 758 4871 d'socompiir
770 4786 786 4845 a
798 4785 930 4869 i'abbaye
940 4784 1166 4855 d'Hombiieoes,
1179 4807 1218 4844 re
1296 4789 1312 4844 ir
1327 4784 1464 4867 indiquer
1478 4807 1552 4869 pour
1563 4782 1680 4845 celui-ei
1697 4783 1739 4845 ies
1755 4783 1897 4869 quoique·
1915 4804 2057 4869 passast

465 4897 568 4946 mettre
591 4897 668 4948 cette
690 4887 800 4971 abbaye
823 4898 905 4947 entre
928 4887 969 4948 les
992 4890 1086 4947 mains
1107 4889 1144 4947 de
1164 4909 1218 4948 son
1296 4892 1397 4973 paroir
1411 4889 1429 4946 it
1446 4910 1483 4948 en
1497 4885 1610 4947 differe.
1624 4889 1746 4972 N’ayant
1762 4885 2053 4972 pssd'antresonroe

463 4991 591 5050 smerain
605 4989 722 5060 Albert,
736 5002 832 5050 comte
845 4991 882 5050 de
899 4990 1104 5063 vermandois,
1119 4989 1215 5075 lequel
1294 5014 1351 5075 qne
1369 4990 1501 5062 chifflet,
1519 5015 1592 5052 nous
1610 4989 1720 5052 devons
1740 5013 1813 5053 nous
1832 5000 1988 5052 contentar
2009 4988 2054 5051 da

464 5093 490 5153 la
507 5103 599 5152 semet
615 5097 629 5151 ir
647 5116 697 5154 son
714 5103 781 5153 tour
795 5105 877 5153 entre
894 5094 934 5153 tes
950 5096 1043 5153 mains
1058 5095 1098 5154 du
1114 5096 1170 5163 roi;
1183 5119 1216 5152 ee
1294 5095 1459 5179 repmduire
1478 5095 1505 5154 le
1521 5105 1597 5155 texte
1615 5093 1714 5155 donne
1732 5116 1784 5178 par
1801 5094 1842 5154 lui
1855 5094 1897 5155 du
1916 5093 2047 5180 dipldrne

461 5198 593 5266 dernier,
615 5195 711 5267 enfin,
735 5194 761 5254 is
785 5197 876 5280 prend
902 5219 968 5256 senas
990 5220 1020 5257 sa
1043 5199 1213 5282 pmtection.
1292 5200 1330 5258 de
1351 5199 1436 5259 louis
1453 5199 1539 5260 tVen
1560 5198 1587 5258 le
1608 5196 1762 5259 modiiiant
1779 5198 2049 5260 conformdmenti

461 5302 562 5361 (rests
573 5310 650 5361 cette
661 5298 820 5384 procedure
832 5300 901 5382 qu'ii
914 5312 958 5360 est
971 5301 1022 5361 iait
1035 5303 1071 5362 ici
1082 5300 1213 5363 allusion.
1292 5325 1335 5362 ses
1353 5302 1535 5363 indications.
