5084 6434
544 720 613 819 ,ᾗῇ
1158 710 1322 783 ,neres
1354 711 1495 783 esox.
2007 708 2122 813 [ψ]

624 913 765 977 llertheau
776 906 801 949 ⁸¹²
814 908 821 983 ξ
828 896 1002 981 inroruplete
1015 904 1044 951 ct
1056 889 1235 967 remunito),
1246 885 1451 969 bibliotheque
1462 886 1623 956 nationale,
1632 885 1792 949 Colloefion
1801 886 1838 947 de
1850 887 1996 959 pimie,
2005 886 2062 949 vop·
2072 908 2090 949 ²
2097 910 2124 959 Ι,

621 1018 669 1079 ful·
685 1036 734 1076 ¹²¹
751 1006 942 1085 rtnneierme
957 1019 986 1081 p-
999 996 1059 1077 274
1071 993 1110 1052 du
1128 988 1235 1051 recueil
1250 994 1387 1050 conserve
1402 990 1476 1050 dans
1486 988 1514 1050 le
1527 1012 1581 1051 ms.
1589 988 1640 1051 lat.
1653 991 1748 1073 13891
1761 990 1800 1051 de
1811 989 1840 1051 la
1854 989 2061 1076 bibliotheque
2074 1012 2123 1052 m.
2169 1068 2175 1079 ¹

621 1114 755 1181 tionnlel.
770 1109 882 1191 rl’npnts
899 1102 927 1162 la
944 1107 1041 1160 meme
1059 1116 1160 1156 source
1177 1116 1235 1177 que
1248 1094 1282 1153 E.
1296 1129 1339 1141 -
1356 1093 1392 1155 G.
1406 1095 1495 1179 Copie
1513 1092 1690 1178 incompleta
1707 1092 1749 1155 du
1766 1104 1849 1155 xvrrr·
1860 1116 1899 1165 a,
1917 1093 2124 1181 biblioffiaqoe

620 1214 779 1283 irrationale,
794 1206 952 1269 (lollection
967 1201 1005 1261 de
1020 1199 1226 1282 Champagne,
1242 1195 1299 1257 rol.
1315 1200 1370 1267 tro,
1387 1195 1436 1257 fol.
1452 1198 1507 1269 28,
1523 1195 1638 1281 d'apres
1654 1196 1690 1258 Β,

497 1422 511 1469 ;,
533 1432 558 1463 n,
584 1397 700 1459 llarlot,
722 1383 878 1468 Metropolis
896 1379 1031 1441 firmensis
1053 1375 1182 1444 historia,
1203 1387 1224 1435 t.
1245 1376 1283 1445 ll,
1303 1398 1331 1459 p.
1353 1399 1399 1459 ¹9·
1419 1411 1462 1424 -
1482 1375 1506 1436 b.
1530 1375 1624 1436 Gottiu
1643 1374 1806 1446 christiano,
1822 1388 1843 1436 t.
1865 1376 1906 1445 X,
1928 1378 2120 1447 instrument«,

617 1498 670 1558 crit.
690 1498 741 1558 rtl,
754 1490 865 1572 ‹l'apres
879 1506 907 1544 a.
923 1518 966 1527 —
980 1504 1004 1540 c.
1018 1479 1131 1540 Recueil
1142 1477 1188 1538 des
1200 1479 1340 1539 historicus
1354 1476 1387 1537 de
1403 1479 1429 1538 lo
1445 1479 1564 1549 Fronce,
1581 1491 1601 1539 t.
1616 1480 1668 1550 lll,
1685 1501 1712 1562 p.
1730 1479 1807 1550 634,
1824 1488 1855 1538 n·
1867 1499 1947 1557 μιν.
1962 1480 2079 1564 d'apres
2093 1505 2120 1541 ι.

534 1686 641 1749 lanum:
662 1667 815 1735 hlnhillon,
837 1659 958 1721 Arrnolcs
977 1657 1078 1717 ordinis
1098 1657 1129 1718 S.
1147 1655 1302 1725 Benedicti,
1321 1656 1437 1727 xLth,
1454 1658 1510 1741 95,
1527 1668 1547 1717 t.
1565 1657 1617 1728 lll,
1638 1680 1666 1742 p.
1688 1656 1760 1719 623.
1777 1692 1820 1704 -
1835 1657 2014 1743 Btthuigny,
2036 1658 2120 1719 Tam

616 1768 839 1849 rlrrnnolopiqne,
854 1787 881 1847 p.
896 1762 968 1831 453.
985 1796 1026 1807 -
1043 1760 1180 1832 Bahman,
1197 1760 1328 1842 lioperto,
1345 1770 1365 1820 t.
1382 1761 1408 1829 l,
1424 1783 1453 1844 p.
1472 1764 1544 1844 194,
1561 1769 1592 1821 n·
1607 1763 1699 1843 2047,

585 1998 619 2067 ln
648 1991 785 2060 nornine
811 1996 925 2051 sancte
951 1995 982 2050 ct
1005 1979 1179 2051 individue
1204 1978 1384 2050 Trinitatis.
1409 1975 1650 2061 Htothariustt,
1677 1980 1791 2051 divina
1817 1983 2029 2077 propiciante
2054 1981 2119 2051 cle-

479 2164 509 2195 ..ι
532 2106 693 2193 rrrerrtiaf’l
712 2108 922 2179 Francorum
941 2128 1007 2170 rex.
1026 2100 1061 2171 Si
1080 2100 1233 2171 fidelium
1252 2117 1446 2172 nostrorum
1464 2106 1566 2198 gratis
1584 2101 1809 2199 peticionibus
1825 2103 1915 2197 regie
1932 2105 2121 2173 serenitatis

530 2262 646 2313 sitirem
663 2223 958 2301 accommodando
971 2223 1133 2306 faventes,
1150 2224 1223 2295 loca
1239 2240 1433 2296 sanctorum
1450 2251 1530 2295 cum
1547 2223 1647 2295 rebus
1662 2223 1726 2295 sibi
1734 2228 1809 2321 jam
1825 2223 1956 2296 traditis
1974 2228 2044 2295 sire
2058 2240 2122 2297 tra·

529 2357 649 2433 ‹terrrlis
669 2349 732 2421 sub
748 2349 880 2418 honore
896 2371 1047 2443 congruo
1067 2350 1157 2442 regia
1172 2350 1369 2417 auctoritate
1385 2350 1564 2417 consistere
1580 2346 1791 2444 perficimus,
1806 2346 1842 2417 id
1859 2350 2027 2417 nimirmn
2045 2372 2123 2444 pm

530 2486 683 2553 futurum
704 2468 876 2540 credimus
896 2494 976 2538 cum
996 2472 1096 2539 statui
1114 2472 1160 2539 rei
1180 2467 1315 2565 publice
1333 2468 1472 2539 feliciter
1489 2468 1699 2566 disponende
1716 2484 1789 2539 tum
1808 2471 1912 2540 etiam
1929 2469 2029 2540 saluti
2046 2496 2123 2567 pcr-

531 2616 644 2699 pean,
671 2592 772 2688 [que]
800 2590 869 2660 sola
896 2591 957 2660 Dei
982 2595 1088 2684 gratia
1113 2589 1212 2661 nobis
1237 2590 1422 2661 obtinenda
1447 2607 1506 2660 est.
1533 2591 1663 2662 ldcirco
1688 2607 1892 2662 cunctorum
1917 2606 2031 2663 sancte
2055 2590 2121 2665 Dei

478 2738 507 2791 rt·
530 2720 666 2789 ecclesie
686 2713 838 2782 fidelium
860 2712 1023 2782 industria
1045 2717 1191 2793 noverit,
1213 2717 1268 2809 pia
1293 2713 1470 2783 devotione
1493 2729 1626 2809 petente
1649 2729 1762 2784 sancte
1783 2712 1960 2786 Remensis
1981 2713 2121 2785 ecclesie

529 2840 783 2931 archiepiscopo
808 2833 1037 2915 Adalberooe,
1057 2835 1148 2906 fideli
1178 2852 1309 2915 nostro,
1330 2835 1489 2905 suadente.
1516 2834 1664 2933 benigno
1693 2851 1805 2907 ortatu
1833 2835 1958 2907 Eurma
1986 2840 2119 2933 regina,

530 2961 703 3033 carissima
723 2961 866 3054 conjuge
885 2974 1014 3039 nostra,
1033 2984 1094 3055 per
1112 2958 1384 3056 deprecationem
1404 2962 1508 3055 ipsius
1525 2958 1784 3055 archiepiscopi,
1803 2961 1893 3055 regie
1912 2962 2122 3031 auctoritatis

532 3096 643 3153 nostre
656 3095 855 3176 preceptum
866 3107 885 3150 a
896 3078 995 3150 nobis
1007 3080 1137 3151 liberali
1150 3106 1292 3151 munere
1305 3095 1419 3151 actum
1433 3106 1534 3176 super
1543 3078 1692 3178 quadam
1705 3078 1840 3152 abbatia
1853 3078 2003 3163 cenobii,
2017 3084 2120 3155 terrio

532 3203 678 3274 miliario
697 3199 739 3270 ab
757 3200 842 3272 urbe
860 3202 1035 3297 dispamti,
1055 3205 1091 3272 in
1107 3203 1235 3302 honore.
1254 3207 1358 3273 sancti
1376 3202 1606 3273 bartholomei
1624 3203 1784 3298 apostoli,
1802 3201 1902 3274 beato
1917 3202 2119 3299 disponente

477 3368 510 3397 n·
532 3327 701 3417 Remigio,
717 3322 906 3393 subdivina
922 3324 1123 3394 revelatione
1139 3328 1326 3405 constituti,
1341 3328 1376 3394 in
1390 3351 1461 3422 quo
1477 3340 1610 3395 sanctus
1623 3323 1823 3395 venerabilis
1837 3323 2011 3397 confessor
2021 3351 2120 3397 vene·

533 3443 682 3516 rabiliter
704 3449 882 3541 requiescit
904 3444 1144 3527 Theodericus,
1163 3450 1296 3543 primus
1318 3446 1470 3541 ejusdem
1493 3446 1556 3517 lori
1581 3449 1763 3517 sanctitatis
1785 3450 1907 3517 merito
1928 3445 1974 3517 ab
1995 3444 2116 3519 eodem

531 3582 646 3636 sancto
667 3566 728 3635 Dei
748 3567 908 3662 pontifice
928 3570 1176 3639 monachorum
1195 3567 1300 3638 abbas
1318 3572 1498 3639 institutus.
1518 3568 1587 3658 Qui
1609 3572 1711 3639 etiam
1730 3596 1822 3639 sacer
1840 3568 1935 3641 locus
1954 3568 2015 3643 ubi
2035 3594 2116 3641 cum

526 3694 616 3783 ¹jains,
640 3690 736 3759 malis
756 3689 806 3759 rel
827 3689 1019 3787 quibusque
1040 3695 1181 3762 sinistris
1203 3691 1355 3787 undique
1379 3690 1600 3772 irruentibus,
1622 3719 1641 3761 a
1661 3695 1849 3763 monastico
1870 3690 1992 3765 ordine
2014 3690 2118 3789 negli-

530 3826 647 3903 genter
668 3811 810 3883 delicere
833 3817 920 3884 etin
941 3814 1187 3893 canonicalem,
1213 3840 1284 3911 quo
1306 3818 1448 3883 omnino
1468 3840 1605 3909 pessum
1613 3809 1640 3865 “l
1656 3814 1826 3910 neglectus
1843 3814 1955 3895 viluit,
1976 3818 2116 3912 cepisset

493 3947 508 3996 :r
530 3934 702 4016 devenire,
731 3935 884 4013 tandem,
914 3936 1028 4006 «lirino
1058 3952 1210 4031 respectu
1239 3953 1443 4032 procurante
1473 3937 1594 4007 eodem
1621 3935 1891 4033 archiepiscopo,
1919 3940 1956 4007 in
1981 3938 2114 4033 pristini

530 4057 657 4127 ordinis
677 4057 875 4152 (lignitatem
897 4075 944 4128 est
965 4073 1147 4155 reparatus.
1168 4060 1274 4153 lgitur
1291 4074 1329 4128 ut
1347 4058 1449 4153 hujus
1468 4062 1514 4127 rei
1532 4057 1693 4155 perfectio
1714 4062 1827 4153 rigore
1848 4061 2024 4130 muniatur
2042 4084 2115 4156 per·

530 4194 647 4274 petuo,
664 4182 750 4275 regie
765 4183 946 4276 majestatis
959 4179 1199 4251 corroboratur
1211 4180 1320 4277 sigillo
1333 4184 1447 4276 sicque
1465 4181 1563 4275 regali
1580 4175 1767 4277 potentia(dl
1779 4179 1814 4250 id
1829 4183 1943 4279 ipsum
1957 4179 2116 4253 decenter

529 4299 706 4372 stabilitur.
728 4300 808 4391 Quo
828 4306 1013 4398 prescripto
1034 4302 1108 4374 loeo
1130 4307 1245 4372 orithia
1261 4306 1334 4399 jam
1356 4302 1489 4398 pridem
1513 4301 1576 4372 sibi
1599 4301 1684 4373 forte
1705 4298 1909 4400 adquisital‘t
1926 4302 1979 4373 vel
1998 4302 2113 4375 divina

570 4567 593 4601 n,
612 4552 756 4613 {pompm
774 4556 805 4612 t),
824 4589 865 4600 -
884 4553 910 4607 tlt
928 4553 1087 4615 clemencia
1105 4556 1138 4613 ll.
1157 4590 1200 4601 -
1222 4560 1244 4607 tl
1260 4556 1376 4638 pessimi
1399 4556 1432 4615 C·
1449 4588 1491 4601 “·
1506 4552 1534 4607 p)
1550 4556 1682 4638 potencia
1701 4552 1733 4615 c·
1751 4588 1794 4601 “
1814 4554 1838 4609 i‘l
1859 4554 1998 4639 mlum
2014 4554 2047 4615 ε’

572 4788 593 4829 :¹:-
618 4790 661 4848 En
685 4810 784 4871 margo
807 4790 844 4847 ele
869 4789 907 4860 E,
925 4790 1000 4850 Dom
1026 4789 1170 4849 Brrtbenu
1193 4789 1238 4871 (l)
1264 4811 1280 4849 a
1357 4791 1474 4867 gnomis
1493 4789 1622 4850 Lotharii
1645 4791 1728 4873 mgis.
1748 4791 1856 4851 llatum
1874 4788 1929 4851 ΧΙΙ
1950 4787 2007 4851 bal.
2022 4788 2110 4875 jurii.

528 4896 595 4950 notr'·
610 4916 617 4951 ε
631 4892 691 4951 «Cr
706 4890 782 4951 tiltre
798 4914 827 4951 se
839 4894 914 4952 reoit
928 4914 1017 4952 enror
1033 4916 1060 4977 p.
1077 4897 1135 4973 274
1148 4922 1170 4963 ·,
1182 4905 1211 4953 et
1227 4914 1280 4953 son
1357 4893 1461 4951 Aetam
1477 4891 1660 4976 Compendio
1674 4892 1791 4976 palatio.
1811 4892 1891 4953 lstud
1906 4914 1997 4978 penes
2011 4902 2041 4953 tc
2052 4912 2114 4953 aa

526 4994 797 5078 ‹·or·respondant,h
821 4994 849 5055 la
870 4997 909 5056 tin
933 4995 970 5055 de
992 5019 1021 5055 sa
1044 5000 1140 5080 eripio,
1163 4999 1281 5056 renvoie
1357 4995 1475 5054 amdo-
1496 4997 1574 5057 [lans
1591 4996 1624 5065 It',
1642 5016 1680 5055 en
1700 4996 1783 5065 ellel,
1801 4995 1829 5055 le
1845 4994 1977 5081 dipltlme
1998 4994 2038 5057 tle
2057 4994 2113 5059 lo·

528 5097 740 5156 thrruellement
758 5103 772 5157 ir
791 5100 816 5157 l'
828 5100 900 5158 dans
914 5122 960 5159 res
976 5111 1082 5159 termes
1098 5124 1104 5157 :
1122 5098 1282 5182 «Sequitur
1358 5098 1449 5159 thaire
1474 5120 1547 5182 pour
1571 5097 1751 5161 &int-bule
1770 5097 1809 5157 de
1833 5100 1923 5183 νεα]
1946 5096 2113 5181 (cidem,

526 5212 554 5259 et
575 5199 653 5259 aliud
677 5200 806 5283 ejusdem
831 5203 905 5279 regis
926 5213 1096 5286 prereptum
1119 5202 1156 5261 de
1176 5204 1281 5263 immu-
1358 5211 1388 5261 n·
1410 5202 1460 5283 Vl)
1481 5224 1497 5261 a
1517 5207 1564 5262 e'te
1585 5204 1704 5285 copied
1726 5200 1755 5262 la
1773 5204 1848 5263 suita
1871 5202 1914 5263 du
1936 5206 2055 5287 pedam
2071 5198 2112 5263 ὅ·

526 5306 616 5364 nitate
630 5306 795 5364 rrrrrnasterii
812 5304 909 5364 Sancti
928 5304 1021 5366 Basti
1037 5306 1090 5366 sub
1106 5328 1184 5366 anno
1201 5315 1222 5366 t·
1237 5328 1281 5367 re·
1357 5304 1465 5385 plome.
