5084 6434
478 687 588 788 [9s5]
678 659 686 673 '
1133 684 1408 759 cornarnn.
2035 689 2054 756 7

477 868 632 946 donaria,
653 866 802 963 predicte
826 869 954 961 regina,
972 880 1141 935 annuente
1161 865 1264 961 idque
1287 863 1509 934 confirmante
1526 863 1672 960 glorioso
1691 890 1765 960 rege
1784 865 1925 941 Recolo,
1945 865 2057 935 villam

477 988 735 1068 Corbiuiacum‚
757 1014 861 1084 quarn
885 987 1003 1058 eadem
1027 989 1140 1084 regina
1159 990 1236 1083 jure
1259 985 1405 1057 dotalicii
1430 1001 1602 1083 acceperat
1627 1000 1728 1082 atque
1749 985 1854 1058 libem
1876 987 2059 1059 hereditate

476 1108 684 1213 possidebat,
696 1135 759 1206 pro
773 1112 858 1205 regis
875 1136 914 1180 ac
932 1136 991 1180 sua
1004 1108 1108 1180 salute
1124 1134 1256 1179 necnon
1276 1124 1308 1179 et
1323 1124 1538 1206 peccatorum
1557 1111 1767 1188 remissione,
1784 1135 1864 1179 curn
1880 1113 2060 1180 mansioni·

476 1234 565 1304 libus
577 1249 610 1302 et
627 1232 836 1329 appendiciis
853 1234 921 1302 suis
938 1236 1066 1328 integre
1083 1234 1188 1302 sancti
1206 1231 1349 1326 Remigii
1368 1230 1442 1302 loco
1458 1228 1595 1302 tradidit
1611 1257 1651 1302 ac
1667 1228 1794 1302 ibidem
1808 1235 1842 1301 in
1856 1247 2059 1328 perpetuum

477 1353 686 1435 babendum,
705 1354 887 1426 tenendam
907 1369 1008 1452 atque
1026 1353 1266 1451 possidendam
1288 1357 1376 1448 regie
1395 1355 1601 1424 auctoritatis
1617 1369 1774 1450 precepto
1789 1353 1937 1450 legaliter
1955 1357 2061 1424 sanxit
2101 1370 2116 1422 5

478 1494 578 1575 atque
596 1475 822 1547 conlrnnavit.
837 1477 996 1573 Cumque
1018 1491 1094 1573 post
1113 1479 1186 1573 ejus
1204 1473 1353 1557 obitum,
1371 1474 1485 1572 aliquo
1508 1473 1729 1546 interlabente
1748 1480 1910 1574 temporis
1930 1480 2059 1574 spacio,

477 1600 625 1672 domnus
646 1601 777 1693 genitor
797 1614 910 1668 noster
937 1596 1044 1669 dulcis
1063 1601 1228 1689 memorie
1251 1597 1443 1669 Ludovicus
1466 1624 1522 1668 rex
1546 1598 1589 1669 ad
1612 1601 1705 1695 regni
1727 1594 1970 1694 gubernacula,
1988 1597 2061 1670 Deo

477 1721 707 1819 dispensante,
729 1721 982 1817 proveheretur,
1007 1725 1079 1816 ejus
1105 1718 1169 1790 luit
1195 1722 1320 1818 peticio
1346 1724 1571 1816 omniumque
1597 1719 1717 1818 prelati
1745 1720 1810 1791 loci
1839 1718 2059 1791 lratrrrm.vo-

478 1844 602 1923 luntas,
621 1860 658 1913 ut
673 1843 832 1922 eandem,
850 1870 954 1939 quarn
970 1841 1192 1939 prediximus,
1207 1842 1321 1912 villam
1338 1845 1372 1912 in
1389 1841 1481 1912 dicto
1497 1858 1598 1939 atque
1613 1842 1833 1914 denominato
1846 1841 1908 1913 sibi
1922 1870 1940 1912 a
1954 1841 2060 1912 fratri-

479 1964 541 2036 bus
558 1992 663 2035 censu
687 1969 835 2062 recipere
848 1962 1031 2036 debuisset,
1046 1963 1151 2053 Quod
1169 1980 1202 2034 et
1214 1962 1292 2035 lecit
1306 1991 1367 2060 per
1381 1964 1589 2035 voluntatem
1608 1980 1709 2062 atquo
1724 1991 1925 2036 consensum
1945 1990 2060 2036 mona·
2086 2000 2117 2035 to

478 2088 621 2159 chorum
638 2086 701 2157 sub
716 2090 926 2184 protectione
941 2090 1044 2157 sancti
1067 2088 1210 2182 Remigii
1229 2086 1302 2157 Deo
1326 2085 1563 2156 famulantium
1585 2091 1758 2184 tenuitque
1777 2086 1889 2157 villam
1908 2090 2061 2184 superius·

477 2213 687 2280 nominatam
703 2207 766 2279 sub
785 2211 967 2280 constituto
987 2234 1090 2278 censu
1109 2234 1169 2306 per
1188 2208 1318 2304 aliquot
1338 2234 1455 2279 annos.
1470 2206 1558 2279 Cum
1577 2234 1655 2279 vero
1677 2207 1789 2279 divine
1810 2212 1974 2304 majestati
1992 2210 2061 2306 pla·
2121 2250 2130 2274 .

478 2334 598 2402 coisset
617 2347 654 2403 ut
675 2333 765 2403 idem
782 2333 915 2427 genitor
928 2346 1041 2403 noster
1053 2328 1095 2401 ab
1111 2330 1175 2400 bac
1187 2330 1261 2400 luce
1274 2329 1319 2402 ad
1331 2330 1591 2402 immortalitatis
1601 2334 1706 2402 vitam
1718 2335 1862 2428 migrare
1870 2328 2059 2428 juberetur.

478 2458 687 2551 conspiciens
709 2454 773 2524 sibi
795 2435 974 2525 imminere
996 2453 1087 2526 diem
1113 2457 1231 2524 mortis
1254 2453 1413 2524 ultimum
1437 2480 1475 2523 ac
1494 2451 1633 2524 sollicite
1654 2457 1767 2545 anime
1788 2482 1846 2545 sue
1869 2454 2062 2526 desiderans

478 2574 629 2648 obtinere
652 2577 841 2648 remedium
864 2579 1047 2672 persancti
1066 2575 1209 2669 Remigii
1229 2575 1444 2671 aliorumque
1464 2590 1658 2646 sanctorum
1677 2575 1824 2674 optabile
1847 2576 2059 2671 suffragium,
2088 2594 2117 2644 rs

473 2697 599 2792 jubens
617 2696 844 2768 venerabilem
869 2701 952 2768 sacri
968 2698 1031 2767 loci
1057 2695 1230 2776 abbatem,
1252 2699 1390 2767 nomine
1414 2697 1654 2777 Hincmarum‚
1676 2724 1755 2768 curn
1775 2697 1979 2796 quibusdam
2003 2725 2061 2787 sue

478 2823 744 2916 congregationis
766 2823 943 2891 convocari
968 2816 1142 2900 fratribus,
1164 2818 1307 2890 eandem
1330 2817 1444 2888 rillarn
1466 2817 1566 2916 plena
1587 2819 1766 2891 devotione
1789 2819 1831 2891 ad
1854 2822 1967 2890 locum
1990 2820 2062 2889 red-

478 2940 580 3024 didit,
597 2946 755 3037 genitrice
771 2958 883 3014 nostra
902 2939 1029 3013 domna
1043 2939 1212 3037 Gerberga
1233 2943 1347 3036 regina
1366 2956 1520 3039 presente
1538 2968 1670 3011 necnon
1689 2957 1720 3011 et
1737 2940 1890 3039 pluribus
1908 2938 2060 3010 fidelium

478 3091 617 3136 urorum
638 3063 834 3137 astantibus.
854 3065 949 3136 Unde
967 3081 999 3134 et
1021 3090 1099 3144 nos,
1118 3061 1311 3162 petentibus
1328 3064 1527 3161 supradictis
1550 3062 1723 3145 iratribus,
1743 3091 1822 3136 cum
1843 3091 1976 3136 sururno
1998 3063 2060 3133 ala-

478 3191 593 3257 critate
609 3203 641 3257 et
659 3188 762 3258 libera
777 3188 964 3266 voluntate.
983 3213 1046 3284 pro
1064 3185 1217 3282 ejusdem
1233 3189 1392 3281 genitoris
1410 3190 1516 3258 nostri
1532 3186 1683 3259 remedio
1698 3213 1830 3258 necnon
1844 3202 1876 3256 et
1893 3189 2062 3282 genitricis
2084 3221 2118 3255 ω

479 3325 591 3399 nostre
606 3307 774 3404 Gerberge
790 3313 919 3406 regine,
940 3336 1074 3407 presens
1092 3312 1195 3406 patris
1216 3311 1320 3378 nostri
1342 3308 1514 3380 decretum
1530 3326 1643 3380 nostra
1659 3310 1758 3404 regali
1777 3313 1973 3379 auctoritate
1991 3335 2062 3379 ccr-

479 3427 680 3503 roboramus
698 3447 798 3529 atque
816 3430 1058 3502 confirmrunus
1074 3445 1254 3527 ratumque
1275 3445 1308 3500 et
1325 3427 1442 3501 stabile
1460 3457 1521 3530 per
1538 3429 1651 3502 lutura
1668 3447 1818 3529 tempora
1836 3434 1941 3501 teneri
1962 3445 2062 3527 atque

478 3551 594 3624 baberi
618 3552 745 3651 absque
770 3553 836 3624 ulla
862 3552 1128 3625 contradictione
1155 3579 1298 3650 persone
1328 3550 1392 3624 sub
1420 3556 1573 3651 ipsorum
1601 3553 1742 3625 fratrum
1774 3553 2005 3625 dominatione
2031 3568 2060 3619 et

478 3680 728 3772 potestatcjure
739 3676 942 3748 hereditario
956 3676 1111 3747 volumus
1124 3692 1156 3746 et
1171 3678 1423 3756 constituimus,
1436 3691 1474 3747 ut
1485 3675 1613 3772 prefate
1628 3703 1678 3747 res
1691 3675 1733 3747 ad
1745 3675 1935 3773 predictum
1947 3675 2060 3744 locunt

479 3814 639 3894 perpetua
665 3796 842 3868 stabilitate
872 3813 1093 3895 permaneant
1117 3797 1299 3894 nullusque
1322 3795 1444 3868 babeat
1468 3813 1667 3895 potestatem
1691 3798 1811 3868 exinde
1838 3801 1990 3868 minuere
2012 3798 2060 3864 tel
2085 3814 2118 3866 25

478 3919 607 4017 aliquid
617 3918 825 3991 subtrahere.
837 3921 878 3992 l't
895 3937 1008 3992 auteur
1022 3921 1085 3992 hec
1100 3936 1213 4011 nostre
1224 3918 1455 4010 munificentie
1469 3923 1649 3993 auctoritas
1662 3936 1771 3992 ratam
1784 3935 1817 3989 et
1833 3918 2060 3990 irrviolabilenr

477 4039 640 4113 omnibus
668 4041 877 4139 temporibus
909 4042 1057 4113 obtineat
1085 4041 1296 4122 finniurem,
1321 4041 1410 4112 banc
1436 4068 1541 4112 rnanu
1570 4045 1707 4139 propria
1739 4042 1932 4113 conlrmrari
1961 4041 2061 4134 digne

479 4166 589 4234 risum
609 4161 671 4233 luit
689 4180 789 4260 atque
805 4165 896 4234 anuli
913 4169 1018 4235 nostri
1038 4168 1256 4260 impressione
1273 4162 1389 4234 subter
1406 4163 1541 4259 sigillari
1559 4165 1696 4261 placuit.

530 4322 673 4416 Signum
692 4324 811 4394 domni
827 4323 975 4393 lotharii
994 4328 1089 4418 regis.

531 4481 661 4558 (luido.
680 4486 768 4577 regie
783 4482 953 4577 dignitatis
972 4487 1136 4560 notarius.
1156 4482 1198 4553 ad
1210 4485 1318 4554 vicem
1335 4481 1465 4584 Artoldi
1480 4484 1721 4581 archiepiscopi
1741 4485 1930 4576 uerogucvi.
2084 4498 2119 4550 3ο

533 4642 655 4711 Actum
668 4642 823 4712 lauduni
835 4640 982 4739 publice,
993 4641 1143 4713 kalendis
1153 4645 1301 4737 januarii
1311 4698 1320 4724 ‚
1332 4629 1515 4712 indictione
1531 4642 1647 4713 ,xtttt
1680 4670 1769 4712 anno
1780 4646 1891 4739 primo
1906 4658 2063 4737 mguantr·

477 4761 608 4833 domno
625 4762 783 4834 bethario
800 4764 1008 4835 Francorum
1027 4790 1114 4859 rege.
