5084 6434
471 700 537 769 ιω
1088 696 1249 769 toras
1281 696 1419 768 saux.
1602 646 1605 653 ¹
1936 698 2048 797 [986]

519 879 552 946 ln
587 881 725 947 nomine
757 892 868 946 sancte
896 892 926 947 ot
956 876 1129 947 individue
1157 876 1338 947 Trinitatis.
1368 878 1429 947 Dei
1459 877 1705 957 miserioordia,
1734 877 1803 949 dus
1834 878 2046 949 Franoosum

466 999 651 1070 lotharius.
663 997 834 1069 Omnibus
848 998 957 1094 Xpisti
973 997 1129 1070 fidelibus
1141 997 1352 1096 presentibus
1366 1025 1425 1068 seu
1441 997 1560 1069 futuris
1573 1014 1695 1070 notum
1709 1026 1779 1071 esse
1794 999 1953 1071 volumus
1965 1024 2049 1097 quo

463 1122 567 1192 modo
607 1121 720 1190 inclita
757 1118 922 1191 vocabulo
960 1120 1030 1190 Eva
1064 1123 1249 1199 comitissa,
1281 1120 1436 1191 videlicet
1476 1146 1562 1191 uxor
1594 1121 1771 1218 quondam
1793 1120 1935 1193 Walteri
1956 1118 2047 1193 bone

464 1247 626 1313 momoria
644 1246 794 1325 comitis,
806 1245 880 1338 jam
896 1258 977 1312 tune
991 1269 1010 1312 a
1026 1243 1137 1313 seculo
1153 1244 1310 1338 porrecti,
1327 1241 1448 1313 obnixe
1464 1242 1639 1340 deprecata
1657 1259 1706 1315 est
1720 1270 1776 1314 me
1793 1259 1832 1314 ut
1847 1244 1923 1315 aule
1943 1247 2049 1315 saneti

408 1378 423 1429 5
463 1365 622 1461 Stephani
636 1368 775 1461 ejusque
794 1368 979 1447 canonicis,
997 1366 1051 1435 his
1063 1363 1260 1436 nominibus
1277 1363 1390 1447 dictis,
1403 1365 1542 1437 Dodoni
1558 1364 1678 1446 abbas,
1695 1364 1850 1448 Cofrodi,
1862 1364 2047 1447 Hemaldi,

465 1485 718 1566 Eroheurbaldi,
739 1488 892 1569 Ricardi‚
907 1488 1098 1569 Salomoni,
1113 1486 1271 1566 Huberti,
1284 1485 1432 1559 Girberti
1447 1503 1481 1558 at
1497 1486 1680 1559 herodibus
1695 1513 1832 1570 eorum,
1846 1514 1915 1585 qua
1926 1490 1990 1559 sita
1999 1502 2047 1559 est

464 1610 549 1680 inlra
570 1611 694 1681 Drocas
709 1626 855 1681 castrum
867 1610 1038 1681 ecclesiam
1058 1635 1163 1680 unam
1173 1666 1180 1691 ,
1190 1636 1257 1706 que
1271 1625 1320 1680 est
1334 1613 1439 1681 saneti
1457 1609 1546 1680 Petri
1561 1609 1687 1691 dicata,
1703 1613 1738 1680 in
1754 1610 1832 1681 villa
1850 1636 1918 1707 que
1938 1610 2048 1707 appal-

463 1733 552 1802 latur
569 1730 756 1803 Carisiacus
777 1759 857 1803 cum
878 1731 1018 1803 decimis
1038 1759 1176 1830 quoque
1197 1736 1350 1804 oratoriis
1374 1732 1563 1804 oonoedere
1589 1732 1820 1829 dignaremur.
1840 1730 1950 1829 Cujus
1966 1736 2047 1833 pati·

463 1857 546 1926 tioni
560 1880 731 1926 assensum
744 1855 823 1926 dedi
834 1881 912 1925 cum
926 1859 1104 1926 communi
1119 1881 1255 1926 assensu
1267 1871 1461 1926 nostrorum
1475 1854 1630 1925 fidelium
1640 1886 1648 1925 ι
1658 1854 1877 1927 conoedimus
1883 1854 2048 1953 jamdiote

412 2017 443 2051 to
464 1979 538 2048 aule
554 1994 585 2048 et
603 1981 771 2049 canonicis
785 1975 912 2048 ibidem
933 1978 1004 2049 Deo
1018 1976 1239 2048 servientibus
1256 1977 1486 2074 supradictam
1498 1978 1672 2049 eeclesiam
1689 2003 1752 2074 per
1768 1978 1893 2049 litteras
1910 1993 1944 2048 at
1954 1992 2047 2049 testa-

465 2116 619 2171 mentum
635 2117 747 2172 nostre
762 2104 982 2181 auctoritatis,
998 2127 1035 2171 ea
1049 2100 1244 2171 conditione
1260 2116 1299 2171 ut
1311 2100 1539 2198 supradictam
1561 2100 1737 2173 ecclesiam
1749 2103 1891 2197 ejusque
1901 2099 2048 2172 dooimas

465 2238 609 2293 teneant.

1167 2506 1343 2569 uxtttutt.

506 2718 622 2779 cana
638 2741 678 2781 un
694 2718 760 2780 aar
773 2718 940 2789 manate,
958 2718 1116 2801 rasaquat
1137 2716 1223 2778 tatae
1239 2718 1326 2777 tan
1341 2716 1440 2777 cuae
1455 2717 1581 2786 anun,
1597 2695 1709 2800 avique
1726 2714 1765 2777 aa
1779 2714 2042 2799 eumenem..

412 2831 443 2882 ιζ)
464 2823 532 2882 taire
555 2823 589 2883 de
610 2803 816 2885 saint-datam
834 2823 868 2883 de
889 2822 1008 2892 Dreux,
1024 2821 1151 2891 laesit,
1173 2819 1223 2881 sol.
1244 2843 1259 2880 a
1279 2830 1306 2879 v⁰
1319 2832 1348 2881 et
1367 2821 1436 2902 ιδ),
1451 2842 1525 2904 pour
1543 2842 1675 2905 appuyer
1692 2817 1736 2880 les
1757 2818 1991 2881 revendications
2006 2818 2047 2883 dn

463 2926 590 3010 chapitre
602 2926 641 2987 de
656 2912 874 2988 saint-Etienne
892 2926 929 2986 da
943 2927 1041 2986 Dreur
1054 2935 1155 2986 contre
1164 2922 1193 2984 le
1207 2931 1275 2985 cure
1288 2925 1327 2984 de
1341 2923 1476 3008 Chorisy,
1489 2925 1540 3007 qui
1560 2922 1602 2983 lui
1616 2922 1759 3007 dispatait
1771 2920 1814 2985 los
1833 2920 1931 2985 dimas
1941 2923 1983 2984 dn
1997 2922 2047 2985 vit-

462 3030 537 3112 lage.
550 3032 589 3090 Le
603 3032 746 3115 pretendu
761 3029 890 3115 diploma
903 3030 941 3090 ‹la
958 3027 1092 3088 Lothaire
1107 3027 1150 3088 liat
1163 3028 1281 3112 produit
1290 3051 1327 3088 en
1342 3028 1445 3089 sevrin
1464 3047 1543 3088 1220
1557 3026 1634 3107 (vois
1647 3026 1676 3087 le
1692 3025 1863 3097 cartulaire,
1879 3026 1931 3088 loc.
1944 3028 2007 3108 cit.)
2018 3036 2048 3089 et

464 3135 593 3218 fabrique¹
609 3156 674 3194 sans
688 3133 803 3194 doutai
818 3156 850 3193 ce
864 3143 1005 3192 moment.
1026 3132 1068 3191 En
1095 3142 1158 3191 tout
1173 3154 1234 3201 aas,
1248 3130 1321 3192 dans
1340 3130 1381 3191 les
1397 3130 1550 3215 privileges
1571 3132 1733 3193 ante'rieurs
1755 3129 1898 3191 oonctldds
1915 3134 1932 3189 a
1952 3129 2047 3193 Saint-

464 3220 586 3298 lltienne
601 3237 621 3296 il
638 3240 756 3297 n'anest
770 3259 820 3320 pas
831 3237 977 3320 question.

408 3355 442 3389 ²0
506 3342 587 3402 Voici
600 3340 627 3400 la
644 3343 736 3424 partie
750 3338 829 3400 dela
846 3338 944 3399 charta
956 3338 1067 3399 ‹l'Eude
1083 3339 1119 3398 de
1138 3338 1273 3399 Chartres
1287 3337 1472 3422 (9684004)
1487 3338 1538 3421 qui
1550 3361 1567 3398 a
1579 3339 1656 3399 serti
1670 3338 1708 3399 ici
1724 3335 1763 3398 de
1775 3336 1914 3399 modale:
1931 3338 1986 3399 alo
1998 3358 2048 3399 uo·

463 3447 542 3505 rnine
564 3455 662 3504 sancte
677 3454 707 3503 et
721 3442 870 3503 individue
885 3443 1044 3502 Trinitatis.
1060 3442 1140 3514 Odo,
1159 3454 1256 3503 sancta
1279 3444 1379 3503 matris
1400 3439 1520 3502 ecelesia
1539 3440 1727 3503 Caruotensis
1748 3439 1867 3501 humilis
1887 3442 2047 3527 episeopus.

463 3550 570 3608 Notum
588 3569 648 3607 esse
662 3545 795 3607 volumus
806 3546 942 3606 omnibus
960 3546 1051 3629 Xpisti
1064 3544 1200 3607 lidelibus
1215 3547 1396 3630 presentibus
1409 3556 1439 3605 et
1453 3544 1558 3605 suturis
1571 3544 1698 3628 qualiter
1712 3542 1811 3605 inclita
1829 3554 1859 3605 et
1875 3542 2047 3607 venerabilis

462 3651 605 3712 comitissa
618 3649 758 3711 vocabulo
768 3650 841 3719 Eva,
852 3670 924 3709 uxor
937 3647 1071 3709 videlieet
1080 3649 1230 3732 quondam
1241 3649 1363 3711 Walteri
1370 3650 1483 3711 comitis
1494 3655 1556 3732 jam
1570 3658 1640 3709 tunc
1652 3644 1796 3709 dalluucti
1811 3646 1920 3709 obnixe
1930 3668 1985 3709 nos
1997 3646 2046 3709 ds·

464 3765 575 3838 precata
597 3764 689 3814 estut
707 3752 816 3837 cap-lle
837 3755 926 3813 sancti
947 3751 1089 3835 Stephani
1107 3759 1226 3837 ejusque
1241 3754 1402 3823 canonicis,
1415 3752 1460 3811 his
1475 3751 1644 3813 nominibus
1654 3751 1753 3821 dictis,
1770 3750 1902 3820 Dodoni.
1915 3748 2046 3821 Otffitlu.

408 3868 440 3917 ass
463 3855 689 3927 Erchatrrbaltlo,
715 3856 880 3926 Salomoni,
901 3856 1048 3924 Huberto,
1075 3856 1224 3926 (iirberto,
1246 3856 1407 3925 Emiaudo,
1430 3854 1568 3923 llicardo,
1593 3878 1650 3938 qua
1676 3856 1729 3915 sita
1754 3864 1800 3914 ast
1825 3853 1901 3915 infra
1920 3864 2046 3915 castam

465 3961 584 4027 llroeas,
600 3983 760 4045 eorumque
784 3959 991 4021 successoribus
1010 3957 1111 4019 altaria
1128 3959 1200 4029 duo,
1219 3983 1312 4020 unum
1333 3959 1412 4043 quod
1433 3969 1476 4019 est
1496 3961 1526 4017 in
1550 3956 1617 4017 silla
1639 3980 1697 4041 que
1715 3956 1822 4019 dicitur
1840 3954 2002 4018 blatersilln
2017 3966 2048 4017 et

463 4062 540 4123 aliud
557 4064 634 4147 quod
650 4076 694 4125 ast
713 4067 744 4125 in
766 4063 832 4124 silla
851 4086 908 4148 que
930 4063 1038 4124 dicitur
1054 4065 1211 4124 Carisiacus
1232 4086 1299 4123 runi
1317 4064 1436 4124 decimis
1456 4059 1513 4122 illis
1530 4061 1745 4146 pertinentibus
1764 4060 1925 4121 concedere
1946 4058 2046 4145 dign

464 4188 568 4227 retitur.
580 4168 714 4244 Quorum
725 4169 858 4253 petitioni
874 4188 1021 4228 assensum
1037 4166 1154 4237 dantes,
1167 4189 1233 4228 cum
1246 4168 1397 4227 communi
1412 4165 1533 4226 consilio
1546 4174 1714 4225 nostromm
1728 4162 1863 4225 fidelium
1875 4162 2046 4225 classicorum

463 4271 520 4328 sive
535 4270 689 4341 laicorum,
703 4271 889 4332 concedimus
904 4279 965 4353 jam
980 4271 1056 4330 dicte
1075 4269 1185 4353 capella
1205 4281 1233 4330 at
1249 4272 1395 4330 canonicis
1407 4269 1519 4329 ibidem
1533 4290 1652 4353 semper
1663 4268 1728 4329 Deo
1742 4266 1935 4329 servientibus
1948 4288 2046 4353 supra·

407 4374 442 4425 30
461 4372 537 4434 (licta
552 4375 611 4435 duo
624 4376 737 4441 altaria,
754 4378 890 4459 quatinus
905 4386 1024 4435 morant
1034 4378 1145 4457 Jugiter·
1162 4397 1213 4457 pro
1229 4376 1326 4434 antima
1340 4375 1397 4432 urei
1418 4372 1599 4456 aliorumque
1612 4374 1832 4457 episooporunr,
1848 4382 1926 4432 etc.-
