5084 6434
435 710 505 782 ros
1081 711 1357 783 corninus.
1901 712 2016 813 [ιιι]

513 885 651 956 Bolrmer,
666 886 796 969 Reqcsta,
813 898 833 946 t.
852 886 877 955 l,
889 910 918 970 p.
935 888 1006 968 ¹95·
1018 895 1049 946 ιι·
1061 888 1202 949 ao5b.-
1211 887 1248 950 H.
1260 887 1395 947 d'Arbois
1409 887 1447 946 de
1461 886 1653 957 lubainville,
1667 888 1790 948 Histoire
1800 887 1845 949 des
1854 886 1959 950 ductet
1969 888 2016 951 du

512 1004 610 1049 comtes
622 987 656 1048 dc
667 989 856 1073 Cbampapne,
870 1001 892 1051 t.
906 991 931 1059 l,
948 1013 976 1074 p.
996 989 1068 1060 156,
1080 1013 1109 1050 ιι.
1126 1012 1152 1051 ι.
1163 1026 1205 1037 -
1216 991 1352 1060 lloserot,
1370 990 1520 1074 Cotuloque
1534 992 1579 1052 des
1594 1004 1666 1052 actes
1680 1014 1792 1076 royuuae
1801 994 2016 1055 comosum

512 1092 548 1152 les
559 1091 733 1153 Arcbioesde
745 1093 771 1153 la
784 1092 1006 1164 Hoste-Moror,
1022 1093 1096 1153 dans
1108 1093 1135 1154 le
1151 1091 1349 1178 Bittiograpte
1358 1095 1497 1165 amiterno,
1513 1105 1533 1153 t.
1549 1095 1600 1164 Vl,
1617 1114 1712 1178 1902,
1723 1118 1752 1179 p.
1767 1095 1823 1165 55.
1836 1104 1868 1156 ιι·
1881 1096 1934 1165 34.

480 1256 518 1324 [ιι
537 1258 675 1325 nomine
693 1271 805 1346 sancte
824 1270 857 1326 et
874 1256 1048 1347 individue
1066 1256 1251 1327 'l'rinitatis
1271 1256 1465 1335 botharius,
1482 1256 1596 1326 divina
1611 1260 1818 1354 propitiante
1834 1258 2015 1330 clementia

390 1398 406 1449 5
429 1379 637 1449 Francorum
664 1403 731 1448 rex.
757 1379 792 1448 si
811 1381 910 1472 justis
938 1393 971 1448 et
994 1376 1252 1449 rationabilibus
1277 1404 1450 1449 servorum
1480 1379 1543 1449 Dei
1562 1377 1783 1475 petitionibus
1807 1405 1926 1451 aurem
1950 1380 2016 1452 cle·

428 1503 555 1591 mentie
570 1499 817 1597 impendimus,
833 1501 952 1597 procul
968 1498 1075 1572 dubio
1093 1500 1212 1570 exinde
1230 1516 1382 1591 eternam
1402 1527 1421 1571 a
1442 1500 1592 1571 Domino
1611 1498 1804 1572 mercedem
1817 1527 1880 1572 nos
1898 1527 2016 1600 recep-

428 1639 521 1694 turos
537 1648 722 1718 speramus.
741 1622 958 1719 Quapropter
973 1626 1137 1694 universis
1159 1638 1271 1713 sancte
1292 1622 1354 1693 Dei
1374 1623 1513 1713 ecclesie
1535 1621 1692 1694 fidelibus
1712 1638 1786 1724 tam·
1801 1621 2016 1719 presentibus

427 1770 532 1840 quam
541 1743 662 1815 suturis
672 1760 794 1815 notum
802 1743 874 1816 fieri
885 1746 1044 1817 volumus
1053 1744 1338 1841 quodadeuntes
1349 1747 1437 1840 regie,
1448 1745 1659 1816 celsitudinis
1667 1760 1781 1836 nostre
1791 1748 2014 1842 presentiam,

428 1867 641 1937 dilectissima
653 1867 777 1937 scilicet
786 1865 885 1938 nobis
894 1846 1044 1963 conjunx
1055 1882 1178 1949 trustra,
1187 1873 1302 1961 regina
1312 1870 1454 1937 nornine
1463 1867 1600 1949 Emma,
1609 1868 1711 1938 simul
1720 1867 2013 1951 etiamddalbero,
2031 1888 2037 1897 ·

374 2018 407 2051 ιο
428 2005 539 2080 sancte
558 1989 790 2085 baudunensis
805 1992 960 2081 ecclesie,
976 2016 1109 2061 necnon
1126 2005 1159 2060 et
1168 1988 1354 2071 Gibuinus,
1371 1990 1626 2059 Katalaunensis
1640 1989 1728 2060 sedis
1743 1993 1905 2061 antistites
1919 2015 2015 2063 reve·

427 2112 540 2193 rendi,
559 2115 803 2182 intimaverunt
823 2110 922 2182 nobis
942 2113 1085 2209 qualiter
1100 2111 1314 2192 lleribertus,
1334 2137 1448 2182 comes
1466 2111 1581 2207 palatii
1595 2114 1717 2195 nostri,
1739 2110 1838 2182 nobis
1856 2113 1958 2184 lrarus
1980 2129 2014 2185 et

428 2234 534 2304 lidelis
556 2238 592 2303 in
615 2235 789 2316 omnibus,
813 2234 857 2305 ad
881 2234 995 2305 locum
1025 2238 1130 2304 sancti
1160 2233 1249 2305 Petri
1273 2234 1451 2304 Dervensis
1476 2233 1626 2314 cenobii,
1652 2231 1711 2304 ubi
1737 2250 1872 2305 sanctus
1893 2240 2015 2308 martir

427 2357 628 2427 bercharius
648 2381 791 2451 corpore
813 2336 1011 2452 requiescit,
1037 2358 1214 2427 humiliter
1238 2360 1382 2426 venisset
1408 2372 1440 2425 et
1461 2355 1636 2452 quoddam
1660 2359 1712 2426 sui
1731 2359 1819 2452 juris
1841 2356 2012 2439 alodium,

427 2477 521 2574 quod
539 2506 558 2548 a
575 2478 847 2574 progenitoribus
862 2482 929 2549 suis
947 2479 993 2549 illi
1014 2483 1213 2574 contigerat,
1229 2504 1294 2576 pro
1313 2477 1463 2548 remedio
1481 2482 1593 2569 anime
1612 2504 1672 2569 sue
1691 2477 1844 2572 ejusdem
1862 2480 1930 2550 loci
1949 2480 2014 2551 sra-

374 2620 405 2671 15
428 2598 535 2670 tribus
552 2599 596 2670 ad
608 2600 883 2696 supplementum
903 2604 971 2670 vini
986 2605 1118 2698 inopie,
1135 2627 1204 2697 quo
1224 2599 1316 2672 idem
1333 2598 1452 2671 iratres
1468 2604 1615 2670 maxime
1629 2599 1781 2696 indigere
1795 2596 2012 2685 videbantur,

426 2720 545 2793 devote
562 2718 802 2805 tradidissetfll,
816 2725 955 2820 insuper
967 2727 1068 2793 etiam
1087 2722 1131 2794 ad
1150 2726 1304 2794 notitiam
1323 2737 1538 2819 posterorum
1553 2749 1682 2819 sueque
1700 2720 1890 2795 traditionis
1907 2721 2014 2794 firmi-

427 2861 527 2915 tatem
551 2861 678 2915 cartam
701 2845 821 2915 exinde
845 2861 877 2915 rt
901 2848 1095 2916 vestituram
1121 2843 1185 2915 sub
1207 2847 1375 2942 presentia
1397 2845 1626 2940 plurimorum
1658 2843 1845 2915 secundum
1878 2871 2013 2917 morem

425 2967 565 3061 legalem
591 2967 784 3063 supradicto
809 2968 884 3038 loco
909 2967 1044 3064 publice
1068 2967 1269 3063 perfecisset.
1289 2967 1396 3060 Igitur
1419 2967 1522 3064 hujus
1542 2969 1589 3037 rei
1608 2969 1714 3061 gratia
1734 2965 1881 3064 predicti
1902 2970 2015 3064 ponti·

427 3090 520 3169 lices,
544 3093 786 3159 interveniente
806 3116 944 3186 quoque
962 3089 1090 3187 prelata
1107 3094 1238 3186 regina,
1256 3091 1429 3159 karissima
1450 3087 1548 3161 nobis
1569 3102 1681 3160 nostra
1700 3092 1863 3185 conjuge,
1878 3093 2013 3187 petitio

371 3240 405 3275 ιο
426 3237 505 3281 nem
530 3209 713 3308 supradicti
744 3213 877 3281 cornitis
901 3209 1070 3282 Heriberti
1102 3213 1308 3281 unanimiter
1336 3210 1434 3281 nobis
1461 3209 1656 3290 inferentes,
1687 3209 1867 3302 clementie
1898 3227 2012 3303 nostre

425 3336 551 3428 pariter
565 3348 799 3426 suggesserunt
820 3349 857 3402 ιιι
879 3333 968 3403 banc
990 3334 1063 3428 ejus
1080 3333 1313 3414 traditionem,
1338 3359 1442 3429 quam
1466 3318 1536 3428 ipse
1559 3332 1632 3403 Deo
1654 3348 1686 3402 et
1709 3350 1824 3404 sancto
1841 3332 1944 3405 Petro
1966 3333 2012 3405 ob

425 3453 567 3523 salutem
595 3457 646 3523 sui
671 3453 807 3535 fererat,
835 3481 897 3525 nos
925 3459 1074 3553 precepti
1099 3459 1204 3525 nostn'
1229 3458 1428 3526 auctoritate
1455 3456 1738 3550 premuniremus.
1765 3453 1905 3549 ddjacet
1929 3480 2012 3526 vero

425 3575 564 3646 alorlmn
591 3579 625 3645 in
649 3602 735 3673 pago
755 3575 926 3660 Otminse,
952 3581 1039 3648 intra
1060 3577 1143 3648 fines
1158 3578 1236 3669 ville
1254 3605 1322 3674 quq
1342 3575 1518 3650 Volcianos
1537 3575 1672 3658 dicitur,
1691 3581 1778 3648 notis
1797 3602 1839 3649 ac
1854 3576 2013 3675 legitimis

427 3701 578 3769 terminis
593 3697 776 3796 prefixum,
793 3726 894 3796 supra
909 3700 1064 3772 videlicet
1075 3716 1109 3772 et
1126 3701 1212 3771 inira
1227 3702 1319 3772 illius
1336 3727 1425 3797 aque
1440 3699 1643 3782 decursum,
1659 3699 1719 3771 ubi
1733 3697 1839 3771 Vetus
1855 3698 2012 3772 Materna

370 3843 403 3895 ιδ
426 3824 633 3901 nominatur,
656 3822 706 3892 illi
728 3823 853 3893 scilicet
875 3823 974 3894 alodo
995 3850 1082 3920 equa
1102 3850 1189 3919 pene
1212 3827 1368 3919 portione
1384 3825 1609 3915 conjunctum
1629 3836 1734 3917 atque
1754 3826 2012 3893 conterminum

425 3943 519 4039 quod
535 3947 569 4012 in
586 3944 704 4013 eadem
721 3945 796 4014 xilla
811 3945 953 4040 predicti
973 3945 1131 4016 monachi
1149 3944 1192 4016 ab
1210 3949 1352 4040 antiquo
1367 3942 1541 4040 possidere
1559 3942 1771 4014 videbantur.
1793 3942 1862 4015 Nos
1879 3947 2010 4041 itaque,

424 4066 538 4156 cqlesti
556 4065 721 4137 beneficio
751 4071 914 4162 promoti,
942 4069 1065 4139 borum
1094 4071 1291 4164 principum
1314 4082 1510 4137 nostrorum
1534 4064 1694 4162 precibus
1715 4091 1834 4137 aurem
1863 4064 2014 4163 benigne

423 4188 703 4266 accomodantrs,
722 4204 762 4258 ιιι
784 4190 920 4259 eosdem
946 4190 1009 4259 Dei
1031 4216 1142 4260 servos
1164 4215 1228 4287 pro
1249 4188 1356 4259 salute
1374 4203 1488 4258 nostra
1510 4214 1644 4259 necnon
1665 4203 1699 4259 et
1717 4187 1841 4280 dilecte
1854 4190 2012 4285 conjugis

423 4334 463 4379 ac
484 4309 579 4406 prole
603 4325 716 4382 nostra
740 4311 910 4407 simulque
929 4327 1016 4381 statu
1039 4316 1131 4407 regni
1153 4315 1258 4381 nostri
1279 4313 1451 4408 copiosius
1470 4310 1620 4380 divinam
1641 4312 1851 4407 majestatem
1872 4334 2012 4382 exorare

368 4444 404 4498 30
423 4431 580 4513 delectet,
599 4431 812 4503 derernimus
832 4448 934 4530 atque
956 4438 1194 4504 constituimus
1214 4449 1251 4504 ut
1271 4432 1504 4528 supradictum
1525 4431 1684 4529 predium
1705 4431 1889 4504 abeodem
1914 4432 2011 4505 lleri·

425 4555 533 4635 berto,
555 4554 646 4625 lideli
665 4571 779 4626 nostro
797 4559 936 4636 comite,
960 4557 1120 4628 auditum
1141 4555 1269 4653 absque
1288 4555 1389 4625 allius
1407 4553 1677 4626 contradictione
1695 4580 1841 4651 persone
1857 4555 2012 4651 legitirm

423 4693 455 4745 υι
471 4680 587 4772 quieto
600 4681 677 4772 jure
695 4704 774 4747 cum
790 4682 909 4758 vineis,
929 4680 1032 4760 silvis,
1050 4682 1170 4775 pratis,
1190 4681 1288 4774 aquis
1303 4703 1541 4773 aquarumque
1559 4676 1772 4759 decursibus,
1795 4679 1894 4748 terris
1912 4677 2011 4749 mltis

423 4814 454 4865 rt
474 4800 622 4879 incultis,
637 4799 780 4870 exitibus
792 4815 824 4870 et
840 4800 1043 4895 regressibus
1062 4805 1096 4869 in
1114 4814 1316 4897 perpetuum
1330 4799 1525 4896 possideant
1538 4815 1569 4869 et
1586 4799 1752 4896 quicquid
1768 4798 1887 4871 exinde
1901 4798 2011 4871 secere

425 4919 591 4990 soluerint
615 4920 754 4992 liberam
778 4936 807 4991 et
832 4926 984 5019 ‹prietam
1007 4925 1041 4991 in
1064 4920 1227 4993 omnibus
1249 4918 1395 4991 babeant
1419 4920 1630 5003 facultatem,
1654 4948 1693 4991 ea
1716 4920 1870 4993 videlicet
1893 4920 1968 5018 lege
1990 4946 2010 4991 a

468 5102 492 5137 ⁸¹¹
516 5097 669 5156 Larisarte
683 5097 1059 5172 &toamnasarim-20
1073 5100 1110 5157 ici
1126 5120 1178 5181 ptr
1244 5056 1476 5158 ¹litate-Maras.
1509 5096 1572 5159 lllle
1599 5110 1643 5158 est
1669 5096 1788 5181 poblite
1812 5116 1868 5181 par
1890 5096 2011 5167 bion.

425 5200 575 5269 lotbnire,
594 5201 776 5261 mausolio
797 5202 837 5262 ιδ
854 5210 881 5260 ιι·
898 5200 939 5260 du
962 5200 1123 5263 Cnrtnleire
1139 5202 1177 5261 de
1254 5202 1420 5263 &sehim
1432 5203 1470 5261 dtr
1487 5202 1592 5262 diocese
1606 5201 1641 5261 de
1656 5201 1771 5285 lim,
1791 5198 1879 5273 th,
1893 5220 1925 5286 p.
1941 5200 2010 5286 139-

425 5303 689 5373 llorxtier-an-ller,
705 5311 843 5364 coemi
862 5326 916 5365 anx
935 5303 1072 5365 Archino
1091 5303 1176 5366 dela
1258 5309 1328 5373 ida.
