5084 6434
756 2024 823 2061 10

754 2621 816 2671 15

745 3248 814 3284 20

743 3834 808 3886 ²5

735 4457 805 4507 30

880 714 1017 782 10ss
2170 710 2717 784 Lo'rnAmss.
3817 715 4031 813 [981]

870 895 939 960 in
989 895 1204 961 rivum
1248 894 1366 986 qui
1419 894 1600 960 venit
1651 891 1733 959 de
1776 891 2146 986 Villalonga
2188 891 2287 959 vel
2335 917 2552 987 usque
2587 889 2674 962 ad
2711 893 2990 987 pogium
3035 894 3153 986 qui
3196 905 3474 960 vocatur
3510 890 3927 963 Rodonellus
3967 909 4028 964 et

871 1014 1105 1083 exinde
1142 1039 1354 1109 usque
1387 1012 1469 1081 ad
1497 1011 1755 1083 sontem
1793 1011 2051 1083 Albella
2080 1016 2297 1110 pergit
2333 1038 2599 1083 necnon
2630 1038 2755 1110 per
2783 1037 3037 1081 serram
3070 1011 3231 1083 dicti
3270 1016 3455 1108 pogii
3490 1014 3810 1110 usquead
3844 1019 4028 1086 iiam

870 1163 1043 1231 quae
1073 1134 1256 1206 vadit
1294 1134 1378 1204 de
1405 1134 1780 1230 villalonga
1825 1136 1911 1206 ad
1950 1134 2360 1207 coenobium
2412 1161 2615 1231 supra
2654 1139 3085 1205 nominatum
3127 1138 3339 1205 sancti
3377 1135 3646 1208 Genesii
3701 1153 3768 1208 et
3814 1137 4029 1208 tendit

869 1283 1081 1352 usque
1122 1260 1193 1326 in
1234 1260 1411 1325 viam
1442 1256 1632 1325 vallis
1656 1256 2041 1352 Aspiranae.
2080 1256 2375 1328 Pertinet
2405 1283 2680 1353 quoque
2712 1257 2798 1327 ad
2824 1255 3279 1352 supradictam
3308 1257 3536 1328 villam
3568 1263 3778 1329 sancti
3814 1258 4022 1341 Petri,

868 1405 1040 1474 quae
1067 1394 1165 1448 est
1179 1382 1368 1474 juxta
1395 1379 1623 1448 villam
1651 1378 2062 1476 Argelariam
2082 1435 2096 1458 ‚
2126 1384 2320 1476 cujus
2345 1380 2499 1450 linis
2529 1379 2874 1451 descendit
2898 1378 2986 1450 ad
3008 1383 3228 1476 ipsam
3250 1379 3504 1451 Lenam
3523 1436 3539 1460 ‚
3572 1406 3751 1477 quae
3777 1380 3873 1451 ibi
3899 1397 4025 1463 est,

868 1516 930 1569 et
967 1504 1178 1597 pergit
1225 1480 1347 1597 per
1382 1517 1631 1572 terram
1671 1500 1886 1574 dictae
1925 1501 2151 1572 Lenae
2187 1529 2404 1598 usque
2439 1501 2528 1574 ad
2563 1506 2848 1598 pogium
2888 1505 3009 1597 qui
3045 1517 3321 1572 vocatur
3346 1502 3535 1597 Vigia
3585 1518 3650 1574 et
3682 1529 3902 1600 usque
3941 1505 4025 1575 ad

867 1627 1145 1719 pogium
1186 1627 1304 1720 qui
1341 1639 1620 1694 vocatur
1659 1623 1822 1693 Pera
1870 1640 1937 1694 et
1971 1623 2052 1693 de
2093 1624 2379 1694 {lumine
2417 1628 2535 1720 qui
2579 1624 2829 1694 dicitur
2857 1623 3058 1695 Bassa
3086 1650 3298 1720 usque
3331 1628 3399 1693 in
3434 1623 3692 1695 flumen
3726 1631 3934 1696 maris
3962 1641 4025 1696 et

865 1749 1080 1840 pergit
1114 1772 1237 1840 per
1263 1749 1482 1841 ipsam
1518 1772 1770 1816 serram
1802 1749 2008 1815 maris
2042 1772 2257 1842 usque
2294 1750 2364 1815 in
2395 1749 2539 1816 rivo
2567 1745 2928 1817 Rafanario
2962 1749 3079 1842 qui
3121 1749 3324 1816 intrat
3350 1750 3419 1816 in
3459 1747 3699 1817 eodem
3742 1775 3932 1818 mare.
3963 1766 4026 1820 et

865 1894 1079 1963 usque
1110 1867 1195 1940 ad
1226 1894 1479 1938 serram
1513 1872 1831 1964 partitam
1858 1883 1923 1938 et
1949 1869 2184 1939 exinde
2222 1869 2520 1939 ascendit
2550 1895 2674 1965 per
2697 1873 2923 1964 ipsum
2958 1872 3181 1938 rimam
3201 1895 3418 1965 usque
3437 1868 3524 1941 ad
3548 1869 4023 1967 Maloprusum

864 2005 930 2061 et
945 1990 1243 2061 ascendit
1258 1991 1343 2061 ad
1359 1995 1635 2086 pogium
1660 1989 2042 2062 Galbanum
2071 2007 2137 2062 et
2161 1995 2344 2063 venit
2362 2016 2580 2088 usque
2602 1991 2688 2061 ad
2707 1990 3083 2063 Guardiam
3105 2007 3169 2061 et
3197 2018 3412 2088 usque
3433 1992 3519 2062 ad
3537 1994 3763 2064 Curco
3788 1993 4025 2065 Curbo

863 2131 927 2183 et
966 2138 1089 2208 per
1122 2138 1373 2183 serram
1414 2117 1624 2209 ipsius
1657 2117 1874 2210 pergit
1914 2139 2130 2209 usque
2170 2112 2256 2185 ad
2291 2113 2625 2184 Balneum
2661 2129 2728 2183 et
2767 2113 2981 2184 tendit
3022 2138 3147 2208 per
3180 2114 3465 2184 eandem
3503 2136 3755 2185 serram
3806 2142 4023 2213 usque

862 2237 947 2307 ad
983 2235 1440 2331 supradictam
1477 2236 1755 2306 Lenam.
1801 2236 2100 2307 Pertinet
2133 2240 2336 2306 etiam
2369 2234 2456 2307 ad
2496 2236 2758 2307 dictum
2792 2234 3201 2306 coenobium
3245 2237 3409 2306 cella
3447 2242 3655 2308 sancti
3690 2239 4023 2309 Johannis

862 2387 1020 2429 cum
1048 2357 1375 2454 adjacenti
1410 2374 1674 2450 stagno,
1709 2362 1825 2454 qui
1864 2362 2100 2456 incipit
2134 2359 2219 2429 ad
2257 2385 2511 2428 serram
2546 2363 2865 2455 partitam
2892 2363 2962 2428 in
2996 2363 3098 2428 via
3130 2385 3305 2455 quae
3322 2363 3507 2430 venit
3526 2360 3610 2430 de
3633 2363 3778 2430 vico
3801 2361 4025 2432 Lenae

861 2499 924 2551 et
963 2480 1141 2550 vadit
1176 2481 1261 2552 ad
1292 2481 1624 2551 Balneum
1644 2534 1869 2554 .....
1923 2483 2127 2552 aliam
2170 2485 2351 2553 viam
2388 2509 2565 2578 quae
2600 2481 2784 2559 vadit
2820 2481 2904 2551 de
2939 2481 3263 2552 Bruliano
3295 2482 3382 2552 ad
3413 2483 3642 2552 villam
3675 2484 4020 2554 Mulacam

874 2657 1101 2678 .....
1154 2607 1571 2674 semitarium
1618 2608 1739 2700 qui
1774 2609 1951 2674 venit
1991 2605 2075 2675 de
2119 2603 2434 2674 Mediana
2475 2619 2541 2673 et
2583 2607 2800 2699 pergit
2844 2607 3019 2674 inter
3051 2607 3274 2674 vineas
3319 2603 3404 2674 de
3450 2605 3603 2674 villa
3643 2605 3912 2676 Mulaca
3957 2622 4022 2677 et

862 2726 1168 2796 malleola
1201 2729 1408 2795 sancti
1435 2726 1702 2797 Genesii
1738 2726 1838 2796 vel
1875 2730 1945 2796 in
1973 2730 2083 2796 via
2116 2725 2392 2822 publica
2431 2752 2605 2822 quae
2636 2729 2819 2796 venit
2855 2724 2937 2795 de.
2971 2725 3129 2795 villa
3161 2725 3427 2796 Mulaca
3458 2726 3540 2796 ad
3574 2730 3802 2797 vicum
3824 2783 4005 2799 .....

859 2875 978 2945 per
1012 2851 1190 2917 viam
1213 2848 1611 2945 jamdictam
1643 2848 1729 2918 ad
1771 2848 2089 2920 sacellum
2127 2847 2211 2919 de
2251 2849 2566 2943 Darnago
2610 2849 2710 2918 vel
2757 2853 2826 2917 in
2869 2863 3116 2918 terram
3169 2847 3477 2918 Adroarii
3520 2848 3875 2944 quondam
3910 2854 4021 2946 ju-

858 2972 1026 3042 dicis
1070 2987 1131 3041 et
1170 2971 1380 3042 tendit
1413 2997 1538 3068 per
1568 2975 1786 3067 ipsam
1818 2997 2067 3042 serram
2105 2973 2300 3040 sicuti
2332 2997 2545 3066 aquae
2582 2986 2866 3065 vergunt
2904 2985 3137 3040 contra
3170 2970 3581 3066 jamdictum
3613 2986 3927 3066 stagnum
3959 2987 4023 3043 et

856 3120 1071 3188 usque
1106 3093 1192 3163 ad
1221 3120 1474 3165 serram
1503 3097 1816 3190 partitam
1855 3109 1920 3162 et
1950 3093 2113 3163 cella
2148 3097 2356 3162 sancti
2394 3092 2737 3162 Laurentii
2774 3093 2856 3162 ad
2902 3093 3323 3188 praedictum
3358 3094 3583 3163 locum
3620 3097 3736 3189 qui
3775 3094 4018 3165 dividit

857 3221 1030 3285 inter
1050 3216 1281 3286 villam
1318 3215 1532 3287 Rocas
1568 3219 1633 3284 in
1666 3216 1822 3285 villa
1853 3215 2220 3285 TorrentiS.
2259 3215 2344 3285 Et
2377 3218 2617 3310 incipit
2658 3215 2811 3283 finis
2849 3219 3059 3309 ipsius
3091 3216 3405 3285 ecclesiae
3436 3241 3559 3311 per
3590 3216 3913 3313 portellas
3953 3233 4017 3288 et

856 3337 1198 3409 descendit
1256 3363 1415 3407 cum
1470 3342 1619 3433 ipso
1664 3340 1956 3407 minario
2010 3364 2132 3433 per
2174 3341 2507 3433 traginam
2563 3353 2627 3406 et
2672 3363 2797 3432 per
2828 3341 3044 3433 ipsam
3097 3363 3348 3407 serram
3401 3338 3754 3433 quomodo
3801 3364 4016 3436 aquae

852 3476 1134 3555 vergunt
1175 3460 1258 3529 ad
1299 3464 1519 3554 ipsam
1561 3462 1745 3529 viam
1789 3485 1963 3556 quae
2013 3464 2194 3529 venit
2235 3459 2319 3530 de
2368 3459 2579 3530 [locas
2630 3475 2693 3528 et
2737 3459 2896 3528 inde
2935 3463 3151 3554 pergit
3196 3486 3318 3554 per
3362 3459 3646 3529 eandem
3693 3463 3876 3530 viam
3913 3461 4015 3531 vel

856 3587 1029 3678 ipsas
1060 3585 1282 3651 vineas
1320 3582 1404 3652 ad
1441 3607 1713 3652 comam
1752 3582 1850 3651 vel
1888 3581 1972 3651 ad
2012 3586 2229 3676 ipsam
2260 3586 2594 3673 traginam
2618 3639 2631 3660 ‚
2659 3608 2831 3677 quae
2868 3581 3214 3651 descendit
3256 3581 3338 3649 de
3370 3585 3724 3652 cacumine
3762 3585 4014 3652 montis

853 3704 936 3773 ad
976 3709 1151 3800 ipsas
1185 3704 1591 3800 sepulturaS,
1628 3719 1692 3773 et
1724 3704 1952 3773 villam
1993 3703 2204 3774 Rocas
2250 3719 2311 3773 et
2347 3708 2415 3773 in
2454 3704 2611 3773 villa
2642 3705 2989 3773 Torrentis
3026 3707 3369 3798 superiore
3402 3703 3501 3771 vel
3538 3703 3913 3773 subteriore
3953 3718 4013 3774 et

854 3831 919 3895 in
955 3827 1109 3896 xilla
1158 3825 1452 3897 Taniano
1485 3827 1587 3896 vel
1636 3830 1700 3895 in
1753 3827 1906 3895 villa
1953 3827 2297 3897 Sunereda
2335 3843 2399 3895 et
2452 3831 2519 3895 in
2574 3826 2728 3894 villa
2781 3825 3123 3920 Argileriis
3179 3841 3244 3894 et
3301 3830 3368 3894 in
3412 3826 3792 3920 Villalonga
3843 3831 4012 3897 etin

854 3951 1198 4020 Villanova
1244 3964 1307 4018 et
1366 3953 1436 4018 in
1492 3949 1646 4018 villa
1696 3948 1981 4018 Molaria
2033 3964 2097 4017 et
2147 3953 2216 4017 in
2266 3949 2422 4018 villa
2469 3948 2804 4018 Balneolis
2869 3962 2932 4017 et
2988 3952 3056 4016 in
3105 3948 3259 4017 villa
3313 3948 3576 4018 Mulaca
3629 3963 3693 4015 et
3746 3952 3814 4017 in
3862 3948 4011 4019 villa

852 4072 1093 4142 Forcas
1132 4088 1198 4143 et
1235 4077 1304 4140 in
1352 4072 1506 4140 villa
1543 4072 1602 4141 T
1605 4075 1789 4167 apias
1833 4088 1894 4141 et
1942 4074 2009 4140 in
2055 4071 2210 4140 villa
2240 4071 2448 4166 Bages
2480 4085 2542 4139 et
2581 4074 2649 4138 in
2688 4070 2838 4139 villa
2871 4069 3185 4140 Rubiano
3231 4086 3295 4139 et
3345 4074 3415 4139 in
3448 4070 3603 4139 villa
3634 4069 4009 4140 Hortafano

847 4211 912 4263 et
944 4199 1010 4263 in
1045 4194 1196 4263 villa
1232 4195 1527 4264 Tacione
1559 4197 1902 4288 superiore
1934 4194 2038 4262 vel
2075 4193 2447 4263 subteriore
2492 4209 2554 4262 et
2601 4197 2667 4262 in
2702 4192 2858 4261 villa
2894 4192 3232 4262 Tresmals
3274 4208 3337 4261 et
3369 4197 3436 4261 in
3475 4192 3630 4262 villa
3662 4191 3908 4263 Bonita
3947 4206 4010 4262 et

850 4322 916 4386 in
965 4318 1337 4413 Villalonga
1396 4343 1599 4413 super
1644 4316 1900 4384 flumen
1940 4315 2125 4384 Tede
2180 4331 2243 4384 et
2291 4319 2358 4384 in
2404 4316 2563 4385 villa
2600 4316 2928 4385 Terrelias
2975 4332 3037 4386 et
3090 4319 3159 4385 in
3206 4316 3363 4385 villa
3410 4318 3619 4385 sancti
3667 4315 4007 4385 Laurentii

846 4457 908 4509 et
956 4444 1026 4510 in
1061 4441 1217 4509 villa
1245 4439 1568 4510 Montana
1603 4453 1667 4507 et
1707 4442 1775 4507 in
1810 4439 1967 4510 villa
1997 4438 2167 4508 Rara
2206 4453 2271 4507 et
2305 4442 2375 4508 in
2409 4439 2562 4509 villa
2601 4436 2944 4508 Cabannis
2977 4453 3041 4507 et
3071 4442 3140 4506 in
3173 4439 3328 4508 villa
3360 4437 3680 4508 Cussana.
3719 4437 4007 4518 Omnia,

844 4561 1174 4658 quicquid
1219 4565 1288 4629 in
1321 4562 1428 4630 his
1456 4560 1647 4629 vallis
1682 4577 1747 4629 et
1789 4563 1857 4630 in
1899 4576 2144 4631 cuncto
2181 4559 2677 4632 Rossilionensc
2717 4585 2892 4656 pago
2938 4575 3203 4629 sanctus
3245 4560 3574 4630 Genesius
3613 4557 3869 4628 habere.
3908 4558 4004 4629 di-

847 4688 1146 4754 noscitur
1179 4688 1248 4753 in
1284 4685 1492 4761 silvis,
1536 4686 1605 4751 in
1643 4686 1878 4778 pratis,
1913 4686 1983 4753 in
2012 4687 2251 4762 vineis,
2299 4685 2367 4751 in
2402 4687 2629 4778 aquis,
2671 4682 3070 4752 inmulturis
3106 4696 3169 4751 et
3210 4686 3279 4751 in
3318 4682 3576 4760 salinis,
3627 4681 4003 4752 secundum

842 4810 1235 4901 petitionem
1288 4806 1478 4876 ducis
1523 4804 1860 4885 Goifredi‚
1910 4805 2127 4875 eidem
2162 4806 2315 4875 loco
2360 4803 2673 4875 habenda
2718 4820 2917 4901 atque
2962 4805 3249 4874 tenenda
3305 4807 3695 4873 testimonio
3743 4818 4002 4874 nostrae

841 4933 1253 4999 auctoritatis
1278 4924 1827 5006 corroboramus,
1864 4953 2020 4997 cum
2048 4928 2154 4996 his
2180 4952 2354 5024 quae
2387 4943 2541 4996 sunt
2578 4931 2647 4996 in
2671 4930 2994 4998 comitatu
3021 4926 3443 4998 Confluentis
3461 4984 3475 5006 ‚
3504 4925 3672 4996 cella
3700 4924 4005 4997 videlicet

770 5068 801 5118 ἴ»
844 5054 1053 5120 sancti
1089 5047 1362 5121 Martini
1395 5077 1555 5120 cum
1591 5050 1815 5129 alode,
1856 5052 2046 5119 terris
2080 5063 2146 5117 et
2170 5049 2449 5120 culturis
2485 5065 2551 5119 et
2575 5049 2742 5120 cella
2779 5053 2991 5119 sancti
3018 5047 3364 5120 Cucufatis
3398 5075 3555 5120 cum
3601 5051 3911 5118 terminis
3944 5059 4002 5112 et

842 5172 1094 5244 linibus
1130 5176 1266 5242 suis
1312 5186 1375 5240 et
1423 5175 1491 5240 in
1545 5172 1698 5241 villa
1746 5169 2069 5242 Ascaione
2129 5176 2299 5243 etin
2339 5172 2495 5243 villa
2525 5171 2860 5243 Purciana
2900 5188 2967 5242 et
3015 5176 3086 5242 in
3131 5171 3288 5243 villa
3323 5171 3591 5243 Suaniia
3635 5190 3691 5238 et
3747 5174 3815 5238 in
3855 5170 4000 5238 aina

839 5295 1044 5366 Evola
1104 5310 1169 5366 et
1214 5298 1286 5364 in
1320 5294 1474 5365 villa
1508 5294 1842 5365 Fauliaria
1874 5308 1941 5363 et
1974 5296 2047 5363 in
2084 5294 2237 5364 villa
2272 5294 2555 5366 Ariiana
2591 5310 2657 5366 et
2681 5298 2754 5364 in
2785 5294 2943 5366 villa
2976 5293 3213 5391 Asperi
3254 5307 3325 5365 et
3357 5295 3433 5365 in
3478 5293 3707 5365 tur-um
3751 5298 3867 5390 qui
3912 5290 3996 5358 [Ιὶ-
