5084 6434
428 693 540 792 [95⁶]
1086 690 1360 763 toreama.
1961 691 2004 762 ar

425 893 458 943 ut
478 881 599 966 praelati
624 884 715 944 sancti
737 894 767 943 et
789 882 952 966 praedictos
974 881 1064 943 abbas
1085 891 1205 967 ejusque
1227 902 1404 942 successores
1426 879 1634 964 perpetualiter
1655 879 1792 942 babeant.
1816 879 2010 942 &samm

425 1028 541 1090 quoque
559 1016 593 1065 ut
612 1015 769 1088 trapezetas
787 1005 950 1089 praedictus
965 1003 1045 1065 locas
1058 1003 1178 1076 babeat;
1194 1005 1348 1064 statuimus
1360 1005 1463 1074 etiam,
1475 1015 1508 1063 ut
1520 1003 1665 1086 praelatus
1679 1002 1758 1062 locus
1771 1014 1857 1086 caput
1869 1003 2010 1065 habeatur

423 1128 558 1188 omnium
573 1149 672 1187 renam
691 1127 936 1210 supradictamrem
954 1149 1030 1209 (prae
1045 1129 1072 1185 ei
1087 1151 1104 1187 a
1121 1126 1204 1186 nobis
1224 1136 1254 1185 et
1271 1150 1287 1186 a
1305 1124 1440 1186 lsdelibus
1459 1124 1531 1185 olim
1551 1124 1673 1186 collatae
1695 1137 1776 1196 sunt,
1797 1136 1830 1185 ut
1848 1138 2009 1185 memorato

425 1248 488 1311 loeo
507 1251 672 1311 deserviant
692 1251 722 1310 in
742 1250 954 1311 monacbomm
970 1247 1069 1310 usibus
1083 1260 1114 1310 et
1130 1270 1293 1333 pauperum
1311 1249 1537 1310 necessitatibus.
1556 1248 1710 1309 Caetensm
1730 1247 1827 1309 eidem
1849 1270 2006 1331 congrega·

424 1372 496 1431 tioni
514 1370 664 1432 licentiam
678 1371 866 1432 concedimus
880 1371 917 1431 de
930 1393 961 1432 se
976 1393 1092 1454 semper
1109 1368 1238 1454 eligendi
1253 1369 1390 1431 abbatem
1406 1370 1569 1431 secundum
1586 1369 1717 1452 regulam
1733 1372 1824 1430 sancti
1839 1369 2006 1439 benedicti.
2047 1379 2062 1430 l»

422 1494 495 1554 sicut
509 1493 650 1554 hactenus
665 1505 797 1578 tempore
809 1495 855 1554 avi
874 1495 1019 1577 patrisque
1039 1495 1138 1555 nostri.
1157 1491 1303 1554 Annalem
1319 1515 1435 1577 quoque
1453 1502 1614 1553 mercatum
1627 1514 1679 1575 per
1692 1492 1755 1552 dies
1768 1503 1901 1576 quatuor,
1922 1494 2005 1554 missa

422 1618 512 1676 sancti
533 1616 664 1676 Filiberti
683 1615 721 1676 de
742 1618 879 1687 transitu,
900 1628 932 1675 ut
955 1616 1091 1676 monachi
1112 1616 1240 1676 habeant
1263 1615 1467 1687 concedimus;
1489 1617 1634 1676 sancimus
1654 1626 1752 1675 autem
1773 1626 1805 1675 ut
1824 1637 1913 1676 omne
1934 1615 2004 1676 telo-

422 1760 511 1799 neum
529 1740 617 1822 ipsius
638 1740 757 1799 mercati
781 1741 834 1822 ipsi
859 1738 996 1799 monachi
1022 1737 1149 1798 habeant
1175 1749 1205 1797 et
1226 1726 1350 1822 superii
1370 1739 1425 1799 boc
1447 1762 1463 1798 a
1482 1736 1561 1799 nulla
1580 1737 1732 1821 judiciaria
1751 1749 1893 1822 potestate
1913 1740 2003 1822 impe·

419 1860 547 1923 diantur.
570 1863 789 1922 lmmunitatem
805 1884 921 1946 ‹puoque
939 1872 1141 1922 sexcentorum
1164 1859 1338 1931 solidorum,
1362 1883 1451 1945 apuam
1473 1859 1597 1921 Karolus
1619 1863 1779 1944 imperator
1798 1851 2003 1947 [prolarusque

420 1984 582 2044 Ludovicus
601 2008 634 2044 ac
651 1987 768 2065 genitor
787 1996 886 2043 sioster
902 1985 943 2043 eis
960 1994 1180 2056 concessemnt‚
1203 1984 1405 2055 concedimus.
1421 1991 1502 2067 cujus
1520 1984 1711 2043 immunitatis
1727 1982 1865 2043 infractor
1886 2006 2002 2044 sescen-
2027 2008 2059 2041 m
2135 2018 2140 2029 ·

419 2118 514 2166 torum
535 2106 695 2166 solidorum
719 2107 779 2166 lore
802 2105 954 2190 culpabilis
967 2106 1123 2190 judicetur,
1147 2118 1175 2165 ct
1196 2107 1332 2189 quiccpuid
1351 2106 1456 2166 exinde
1475 2116 1523 2190 jus
1543 2105 1602 2165 lasci
1627 2107 1716 2166 nostri
1736 2127 1851 2189 sperare
1870 2118 2001 2190 potuerat

417 2226 608 2289 luatinaribus
624 2230 711 2313 ipsius
723 2227 861 2289 ecclcsiae
877 2239 970 2289 tomm
986 2251 1148 2311 erogamus.
1168 2230 1225 2288 Nos
1241 2251 1309 2289 vero
1323 2228 1510 2289 concedimus
1528 2241 1559 2288 ut
1580 2228 1677 2289 nullus
1697 2239 1861 2289 nostromm
1878 2227 1921 2288 sel
1940 2252 2002 2288 suc·

415 2372 562 2411 cessonrm
585 2375 682 2411 urmes
702 2374 752 2412 seu
771 2353 930 2411 vicecomes
945 2364 993 2411 aut
1012 2352 1132 2410 sicarius
1152 2363 1202 2411 aut
1220 2353 1323 2411 missas
1337 2351 1515 2423 discurrens,
1535 2354 1564 2411 in
1588 2350 1733 2434 praedicta
1752 2353 1937 2412 immunitate
1952 2363 2001 2411 aut

417 2476 593 2533 monasterio
610 2498 625 2533 a
644 2474 727 2534 nobis
740 2486 770 2532 et
785 2474 1013 2533 antecessoribus
1031 2496 1164 2532 concessa
1188 2476 1339 2557 exquirere
1361 2486 1411 2533 aut
1428 2476 1670 2533 mansionaticum
1686 2487 1734 2533 aut
1751 2473 1935 2558 parafredum
1951 2486 1999 2533 aut

414 2593 543 2677 eulogias
568 2608 734 2679 praesumat
760 2618 854 2679 neque
872 2596 976 2655 borum
999 2597 1142 2679 quispiam
1160 2595 1197 2655 ab
1215 2618 1318 2656 eorum
1340 2598 1442 2666 servis,
1458 2594 1568 2655 colonis
1590 2618 1640 2655 seu
1664 2594 1769 2656 francis
1791 2617 1876 2678 super
1898 2619 1999 2655 eorum
2025 2602 2055 2653 ιδ

415 2728 521 2776 terram
540 2718 794 2778 comumnentibus
817 2720 932 2800 exigere
955 2719 984 2778 in
1009 2716 1129 2801 publicis
1148 2720 1282 2779 mercatis
1298 2720 1358 2777 sire
1375 2717 1413 2778 de
1429 2717 1550 2777 lratmm
1568 2719 1692 2799 negotiis
1712 2719 1770 2777 sive
1792 2717 1829 2776 da
1850 2720 1907 2777 snis
1927 2718 1998 2776 telo·

414 2859 503 2899 neum
518 2850 568 2899 aut
586 2838 676 2899 ullam
695 2841 876 2900 exactionem
900 2862 994 2923 neque
1018 2842 1047 2899 in
1070 2841 1143 2899 mari
1163 2841 1221 2899 sire
1239 2840 1335 2924 ligeri
1359 2839 1446 2900 llario
1464 2850 1512 2900 aut
1536 2838 1679 2900 Rhodano
1701 2861 1751 2899 seu
1772 2840 1928 2921 Saganam
1949 2852 1998 2900 aut

412 2960 477 3022 Dou
500 2960 544 3021 vel
566 2965 686 3023 caeteris
703 2962 873 3024 fluminibus
896 2962 1098 3044 navigantibus
1112 2973 1162 3024 aut
1177 2961 1321 3024 littoribus
1337 2962 1585 3023 commorantibus
1599 2964 1714 3045 exigere
1732 2961 1836 3022 audeat
1849 2973 1899 3021 aut
1914 2985 1995 3046 prae·

411 3095 507 3144 uruat
525 3096 576 3144 aut
590 3086 755 3145 nataticum
770 3097 821 3146 aut
835 3087 1034 3169 cespitaticum
1051 3096 1102 3145 aut
1116 3084 1299 3146 salutaticum
1318 3097 1368 3147 aut
1383 3086 1556 3170 portaticmn
1577 3106 1673 3168 neque
1694 3086 1723 3143 in
1746 3095 1820 3144 terra
1842 3086 1994 3145 nataticum

411 3227 506 3289 neque
530 3207 559 3265 in
585 3206 714 3267 tabernis
738 3206 830 3268 callam
852 3208 1051 3268 exibitionem.
1075 3208 1273 3291 praecipimus
1294 3229 1411 3292 qnoque
1432 3209 1603 3268 auctoritate
1626 3218 1721 3267 nostra
1746 3209 1823 3288 regin
1849 3219 1881 3267 ut
1907 3230 1995 3268 nerno
2018 3228 2052 3261 ὀ

408 3329 571 3389 antistitum
592 3328 636 3387 rel
657 3352 755 3389 comes
770 3341 819 3390 aut
835 3329 931 3413 aliqua
947 3327 1055 3389 laicalis
1071 3340 1195 3412 potestas
1213 3331 1243 3390 in
1260 3330 1389 3413 praelato
1407 3328 1471 3389 loco
1486 3327 1624 3412 placitum
1640 3331 1815 3390 constituere
1830 3341 1880 3389 aut
1894 3341 1994 3390 tenere

408 3448 523 3511 audeat.
542 3452 738 3512 sssncedimus
755 3455 844 3512 etiam
859 3456 889 3512 in
909 3475 984 3536 pago
1000 3453 1159 3512 pictavensi
1176 3453 1362 3524 Marsuam,
1373 3451 1688 3523 Madernas‚A1iacu1n
1704 3463 1733 3512 et
1745 3453 1916 3513 manaan
1926 3476 1993 3513 carru

406 3571 544 3632 omnibus
564 3574 744 3657 appendiciis
764 3577 835 3645 suis,
854 3572 1009 3634 aniolmn
1027 3596 1143 3657 quoqne
1164 3576 1193 3634 in
1217 3597 1293 3658 pago
1310 3574 1544 3643 saenomannico,
1563 3574 1668 3634 cellam
1687 3577 1778 3635 sancti
1797 3576 1945 3635 l’nsdentii
1963 3578 1991 3634 in

407 3716 481 3778 pago
497 3696 672 3765 pictavensi,
683 3695 864 3776 Talgariam,
879 3697 1014 3757 Ariacum
1025 3708 1053 3755 et
1067 3695 1220 3767 Classiam,
1234 3698 1387 3757 Caciacum
1401 3696 1498 3757 villam
1515 3699 1545 3756 in
1561 3718 1636 3780 pago
1648 3696 1828 3766 Beleinensi,
1848 3698 1991 3758 ilsinarias

407 3817 437 3874 in
457 3840 531 3900 pago
549 3818 725 3888 pictavensi,
742 3843 808 3879 cum
826 3820 963 3879 omnibus
979 3819 1016 3879 atl
1035 3842 1064 3878 se
1081 3820 1302 3902 pertinentibus.
1315 3820 1400 3880 llnde
1419 3820 1473 3878 boc
1487 3830 1601 3879 nostrae
1612 3818 1790 3878 celsitudinis
1803 3832 1989 3903 'incaeptum
2014 3824 2045 3873 τὸ

406 3938 467 3997 laesi
479 3940 685 4023 praedictoque
697 3931 841 4001 llcn'vea
853 3942 950 4002 abbati
965 3942 1028 4002 dari
1037 3944 1189 4025 jussimus,
1201 3963 1254 4026 per
1265 3942 1345 4026 ipsud
1359 3943 1419 4025 ipse
1431 3943 1532 4025 suique
1546 3964 1721 4001 successores
1737 3954 1911 4002 mentientes
1929 3966 1987 4009 ms,

403 4083 474 4145 quas
493 4061 581 4121 modo
596 4062 783 4122 concedimus
803 4075 832 4123 et
851 4064 888 4122 ‹le
910 4066 1064 4147 praeterito
1081 4085 1230 4124 concessas
1248 4063 1403 4133 babemus,
1425 4066 1478 4123 rite
1496 4074 1636 4147 perputuo
1656 4075 1774 4123 teneant
1793 4075 1880 4148 atque
1899 4067 1987 4149 possi·

402 4182 501 4243 dant.
520 4184 553 4243 Et
568 4196 599 4244 ut
617 4185 670 4244 boc
688 4197 802 4245 nostrae
816 4189 993 4246 auctoritatis
1006 4199 1194 4270 praeceptum
1209 4187 1320 4246 lanarius
1336 4186 1478 4245 habeatur
1490 4188 1640 4269 verissume
1655 4187 1790 4246 credatur
1804 4198 1832 4245 et
1850 4190 1987 4247 attentius

400 4304 580 4375 cboenetnr,
597 4329 687 4367 manu
703 4309 817 4391 propria
836 4309 935 4369 subter
951 4310 1130 4369 ltmaavimus
1144 4319 1174 4369 et
1191 4308 1271 4369 anuli
1287 4312 1376 4368 nostri
1396 4311 1585 4392 impressione
1603 4308 1721 4387 sigillari
1733 4312 1879 4390 Jussinau.

452 4466 596 4560 Signum
616 4466 783 4537 lllotharii
802 4465 1106 4566 (artonoprummoll)
1118 4468 1346 4563 gloriosissimi
1367 4474 1451 4564 regis
1471 4470 1690 4539 Francorum.

449 4636 639 4730 <Signum
660 4637 801 4706 limmae
816 4642 947 4731 reginae
958 4666 1005 4709 >.
1034 4639 1223 4731 <Signum
1241 4637 1421 4709 illudovici
1439 4642 1538 4726 rigis,
1558 4638 1618 4708 lilii
1634 4637 1843 4708 ottmttt>l'l.

444 4870 468 4917 ¹¹1¹
493 4871 610 4952 insuper
627 4871 800 4952 alberipae
821 4881 848 4927 et
867 4893 961 4953 super.
981 4906 1021 4916 -
1038 4869 1065 4920 a)
1087 4893 1119 4937 a,
1137 4871 1186 4950 qui
1204 4871 1353 4929 mentiosus
1371 4869 1395 4928 le
1415 4893 1626 4952 mcaopraanae,
1645 4871 1782 4951 n'iadipse
1793 4894 1844 4955 pas
1859 4895 1888 4931 se
1905 4873 1982 4954 place

395 4970 463 5032 dns
482 4973 509 5032 la
528 4976 715 5055 wescnptioa.
736 4974 869 5055 C'sstpar
884 4975 1104 5057 conjecturasque
1123 4996 1188 5033 noas
1206 4974 1229 5032 le
1246 4985 1358 5035 nattoas
1374 4975 1419 5035 ici.
1436 5009 1478 5021 -
1493 4974 1516 5016 <et
1540 4971 1617 5034 adad
1627 4972 1774 5034 amandam
1786 4974 1844 5034 alis
1861 4998 1943 5035 meaa
1957 4992 1981 5035 et

395 5074 523 5137 Busan
539 5090 689 5136 strumento
705 5078 834 5160 scriptam
852 5099 930 5138 stas:
951 5079 1076 5157 Signum
1093 5078 1214 5138 Emmae
1231 5079 1358 5159 regium.
1371 5078 1495 5160 Signum
1516 5077 1669 5139 llludosici
1687 5080 1776 5161 regis,
1793 5078 1846 5139 titii
1868 5102 1978 5141 cascum

397 5177 474 5240 [Ιώ
486 5179 547 5238 licet
565 5180 691 5262 eollipm
703 5180 783 5262 laage
797 5194 856 5264 post
876 5203 975 5241 amsa
989 5180 1066 5250 955,
1087 5179 1210 5239 laberii
1223 5181 1295 5265 rapis
1308 5182 1469 5250 mandam,
1482 5179 1532 5242 las
1548 5181 1752 5265 subscriptiones
1755 5182 1846 5263 faisse
1859 5180 1978 5267 abacta

392 5281 431 5341 el
443 5283 656 5366 confitendam
671 5283 795 5344 lotharii
805 5284 994 5366 privilegians,
1006 5305 1079 5343 nors
1090 5284 1187 5366 priscis
1202 5282 1317 5345 saulis
1328 5288 1392 5344 satis
1406 5286 1515 5348 alato.
1526 5314 1537 5340 ι
1549 5309 1577 5346 a.
