5084 6434
476 701 587 800 [979]
1157 700 1304 771 LOlilS
1336 702 1377 773 V.
1990 703 2054 772 ΠΙ

474 884 647 979 cupientes
667 878 712 952 oli
730 906 885 950 amorem
904 880 964 950 Dei
986 896 1017 949 et
1039 883 1240 950 memoriam
1262 883 1316 949 avi
1345 883 1448 950 nostri
1468 896 1500 950 et
1522 883 1681 973 genitoris
1704 885 1808 952 nostri
1831 882 2060 978 praedecesso

475 1030 622 1100 rumque
638 1017 850 1084 nostrorum,
861 1028 978 1097 regum
991 1003 1143 1073 videlicet
1158 1002 1409 1082 Franclionmi,
1428 1028 1559 1073 necnon
1571 1018 1602 1072 et
1615 1002 1826 1074 stabilitatem
1844 1008 1934 1098 regni
1952 1009 2055 1076 nostri

474 1126 633 1197 addimus
656 1158 701 1195 res
723 1158 794 1219 quas
814 1134 1031 1196 llarlomannus
1051 1158 1100 1194 rex
1118 1124 1228 1194 eidem
1249 1133 1405 1194 aecclesiae
1426 1127 1600 1196 medidiem.
1616 1137 1692 1196 Sunt
1709 1142 1824 1196 autem
1844 1136 1898 1196 bae
1915 1164 1921 1197 :
1938 1140 1969 1197 in
1986 1160 2060 1220 pago

475 1260 604 1319 Biturico
623 1248 700 1318 villa
725 1274 813 1344 quae
840 1263 979 1318 vocatur
999 1255 1139 1317 Caltcsius
1158 1263 1191 1318 et
1209 1247 1313 1317 altera
1334 1273 1422 1344 quae
1442 1263 1582 1317 vocatur
1599 1260 1766 1327 stanuum
1783 1252 1818 1319 in
1834 1275 1921 1346 pago
1939 1252 2060 1319 Neaer-

476 1375 570 1441 nensi
594 1371 636 1442 ad
661 1371 824 1441 eumdem
845 1370 1028 1440 Caltesium
1049 1373 1220 1465 pertinens
1241 1373 1310 1440 sive
1331 1379 1499 1440 Pauliacum
1522 1396 1602 1440 cum
1621 1369 1783 1441 omnibus
1808 1372 1907 1465 longe
1927 1372 2060 1469 lateque
2100 1381 2116 1431 5

475 1510 532 1565 aut
552 1519 660 1589 prope
686 1495 805 1589 positis
827 1490 1073 1588 pertinentibus
1091 1508 1122 1561 et
1142 1490 1270 1562 familia
1289 1496 1466 1588 utriusque
1491 1518 1602 1574 sexus3
1626 1497 1660 1563 in
1683 1520 1770 1590 pago
1793 1497 1893 1564 etiarn
1912 1494 2061 1565 Btesiaco

475 1617 589 1685 villam
611 1642 699 1712 quae
719 1630 856 1685 vocatur
871 1615 1000 1693 Curtis,
1019 1641 1124 1711 quain
1148 1640 1257 1711 nuper
1279 1642 1357 1711 sepe.
1376 1615 1483 1686 dictae
1500 1615 1677 1686 aecclesiae
1692 1614 1771 1688 0do
1789 1642 1902 1686 coines
1916 1616 2062 1687 reddidit

475 1765 556 1807 curn
572 1736 732 1808 omnibus
751 1738 886 1807 adeam
903 1734 1164 1832 pertinentibus,
1181 1741 1410 1807 consentiente
1429 1737 1572 1833 Hugone
1589 1736 1822 1809 l'ranchoruin
1841 1738 1944 1817 duee,
1962 1736 2061 1807 liene

477 1862 593 1929 licium
617 1863 718 1930 etiarn
746 1860 920 1955 quoddam
949 1855 1165 1930 Gauzsrcditt
1187 1863 1336 1941 comitis,
1363 1860 1457 1955 quod
1486 1858 1577 1929 idem
1606 1859 1720 1956 lingo,
1738 1860 1881 1930 llrnulso
1908 1861 2061 1955 ejusdem

476 1982 653 2051 aecclesiae
672 1983 835 2077 praesidi,
855 1977 1117 2051 consentientel'l
1132 1981 1253 2052 eodem
1270 1980 1474 2061 Gauzsredo,
1492 1982 1649 2052 reddidit.
1665 1994 1840 2052 Memorem
1854 1994 1943 2073 igitur
1957 1992 2060 2064 celliis,
2086 2019 2119 2053 ιο

477 2116 652 2174 uionmeeia
667 2124 698 2172 ct
714 2104 809 2173 villas
827 2129 908 2172 cum
927 2106 1026 2172 nonis
1044 2118 1076 2172 et
1092 2104 1246 2183 decimis,
1269 2130 1353 2199 quas
1375 2107 1445 2199 ipsa
1465 2105 1622 2174 aecclesia
1644 2103 1686 2173 de
1706 2107 1868 2174 comitatu
1886 2120 1917 2174 et
1933 2103 1974 2173 de
1990 2105 2062 2174 aliis

475 2226 561 2294 villis
574 2252 661 2321 quae
677 2229 711 2295 in
724 2224 889 2295 beneficio
903 2228 1120 2295 continentur
1132 2228 1282 2321 accipere
1289 2223 1313 2276 l‘l
1327 2229 1515 2306 consuevit,
1526 2252 1585 2297 seu
1597 2225 1678 2296 alias
1689 2253 1740 2295 res
1751 2259 1820 2296 cum
1828 2236 1913 2296 eelim
1925 2237 2063 2296 oiiinitim

476 2370 506 2416 et
523 2360 674 2440 nuncipiis
684 2359 722 2417 ad
732 2380 762 2418 se
776 2357 1003 2440 pertinentibus,
1015 2373 1099 2443 quas
1114 2348 1265 2418 modoet
1280 2363 1361 2417 tunc
1371 2366 1438 2441 juro
1453 2369 1482 2417 et
1497 2357 1629 2438 legaliter
1640 2351 1709 2443 ipsa
1718 2345 2060 2426 tenebatl‘laecclesia,

478 2490 575 2539 nostra
588 2479 679 2561 regali
694 2491 836 2563 potestate
850 2502 902 2562 per
914 2479 969 2538 boc
983 2485 1114 2540 nostrae
1130 2478 1292 2539 altitudinis
1307 2491 1495 2562 praeceptum
1510 2479 1607 2538 eidem
1622 2479 1720 2539 denuo
1735 2482 1942 2540 conlirmamus
1955 2480 2062 2540 aeecle-

477 2605 550 2671 siae,
573 2608 609 2662 ut
632 2591 697 2662 boc
723 2606 855 2662 nostrae
883 2595 1088 2661 auctoritatis
1115 2607 1294 2688 praecepto
1323 2591 1490 2688 praelatus
1511 2592 1659 2687 pontisera
1687 2608 1718 2661 et
1745 2593 1847 2662 futuri
1877 2594 2063 2688 seperlictae
2086 2603 2118 2655 ιδ

477 2715 653 2783 aecclesiae
668 2713 844 2809 pontifices
862 2740 922 2811 per
940 2717 1056 2784 omnia
1074 2729 1106 2782 et
1128 2717 1161 2782 iii
1182 2712 1343 2782 omnibus
1358 2740 1445 2810 quae
1460 2712 1523 2783 sibi
1538 2717 1720 2784 necessaria
1734 2714 1858 2785 suerint
1880 2731 2016 2784 utantur
2032 2732 2063 2784 et

477 2836 659 2906 defendant
677 2853 709 2906 et
730 2834 871 2906 liberam
891 2837 1010 2907 exinde
1029 2852 1061 2906 et
1083 2863 1120 2905 ex
1142 2837 1214 2905 aliis
1234 2834 1336 2906 rebus
1355 2863 1443 2932 quae
1458 2836 1568 2905 eidem
1585 2836 1761 2906 aecclesiae
1776 2865 1814 2906 ac
1831 2837 1986 2908 lidelibus
2002 2839 2061 2907 Dei

477 2959 628 3029 conlatae
650 2973 729 3029 sunl
751 2958 896 3029 babeant
917 2974 1127 3054 potestatem.
1149 2966 1264 3028 Obtulit
1287 2971 1397 3028 interea
1412 2978 1475 3051 jam
1498 2968 1592 3028 dictus
1609 2967 1783 3029 venerabilis
1800 2968 1914 3052 praesul
1931 2960 2061 3028 Aurelia·

479 3094 576 3150 nensis
597 3090 753 3152 aecclesiae
778 3091 927 3151 obmtibus
954 3093 1058 3151 nostris
1079 3093 1281 3151 auctoritatem
1308 3093 1500 3150 immunitatis
1527 3081 1821 3177 praedecessorum
1851 3097 2060 3156 nostrorum,

480 3229 594 3291 regunt
611 3202 765 3272 videlicet
782 3219 882 3298 alque
902 3207 1162 3298 lntpeiulorum,
1182 3216 1212 3272 in
1235 3236 1293 3296 qua
1312 3225 1374 3272 crat
1396 3216 1537 3272 insertum
1557 3213 1636 3296 quenl
1652 3204 1816 3298 prosilistis
1833 3215 1949 3294 genitor
1966 3226 2063 3274 noster
2084 3237 2119 3273 so

479 3341 508 3393 et
536 3328 822 3396 nominatissimus
848 3352 929 3395 aius
953 3341 1065 3395 noster
1095 3335 1387 3418 praedecessor-euque
1415 3352 1551 3403 eorum,
1574 3357 1656 3416 reges
1684 3335 1819 3397 videlicet
1847 3336 2062 3407 limenorum,

478 3456 647 3517 aecclesiam
660 3469 776 3517 sanctae
792 3457 905 3526 Crucis,
924 3461 970 3517 cui
988 3468 1105 3517 auctore
1118 3459 1181 3518 Deo
1202 3461 1263 3540 ipse
1284 3445 1481 3517 venerabilis
1505 3450 1681 3543 episcopus
1704 3464 1847 3544 plectet,
1865 3458 1918 3518 suli
1933 3481 1985 3517 suo
2001 3482 2062 3519 inu·

480 3582 591 3638 nimine
618 3591 646 3638 et
669 3579 841 3640 defensione
866 3583 1023 3639 consistere
1044 3580 1178 3640 iecissent
1201 3591 1229 3639 et
1251 3601 1354 3639 eorum
1376 3583 1596 3639 immunitatum
1621 3581 1838 3640 auctoritatibus
1866 3581 2004 3640 hactenus
2026 3580 2065 3640 ab

480 3701 681 3783 inquietudine
695 3702 849 3784 judiciarie
873 3705 1020 3785 pitestatis
1045 3702 1149 3761 eadem
1174 3704 1286 3762 munita
1309 3713 1396 3784 atque.
1419 3702 1539 3761 delensa
1562 3703 1659 3761 luisset
1677 3701 1806 3763 ecclesia.
1826 3703 1873 3760 (lb
1896 3705 1936 3762 rei
1965 3717 2062 3763 tanien

480 3826 647 3883 tirmitateni
665 3823 819 3907 postularit
838 3842 898 3883 nos
910 3818 983 3909 jam
1002 3814 1111 3884 (lictus
1131 3812 1329 3884 venerabilis
1346 3817 1523 3909 episcopus
1542 3835 1587 3893 ut,
1600 3837 1753 3908 paternum
1768 3847 1880 3884 morem
1894 3838 2061 3908 sequenles,
2085 3834 2119 3884 ab

480 3957 594 4004 nostrae
611 3949 804 4006 immunitatis
821 3960 1009 4031 praeceptum
1029 3947 1127 4007 eidem
1147 3948 1209 4006 lieri
1226 3968 1411 4007 censeremus
1431 3945 1596 4007 aecclesiae.
1614 3948 1701 4028 (lupo
1721 3936 1920 4030 petitionibus
1940 3942 2061 4006 itemm

480 4067 605 4127 libenter
622 4072 778 4129 annuimus
800 4082 830 4128 et
852 4069 906 4129 hoc
930 4082 1043 4130 nostrae
1067 4072 1258 4129 immunitatis
1276 4056 1494 4154 praeceptuml'l
1504 4091 1556 4152 pro
1573 4069 1664 4128 diiini
1674 4068 1768 4128 cultus
1784 4093 1883 4128 amore
1901 4082 1930 4127 et
1947 4074 2062 4129 animae

481 4197 597 4250 nostrae
613 4192 743 4251 ieniedio
756 4192 793 4251 ad
809 4195 900 4274 ipsam
914 4205 1043 4252 sanctam
1059 4192 1159 4251 sedem
1173 4194 1234 4251 lieri
1249 4192 1446 4260 decrevimus,
1460 4214 1511 4274 per
1523 4192 1601 4274 quod
1618 4195 1810 4275 praecipimus
1826 4204 1912 4275 atque
1925 4194 2063 4274 jubemus

480 4325 511 4371 ut
530 4312 626 4372 nullus
641 4314 730 4396 judea
753 4313 883 4396 publicus
906 4315 948 4372 iel
970 4316 1091 4397 quilibet
1112 4339 1145 4373 ei
1162 4314 1316 4397 judiciaria
1336 4326 1475 4397 potestate
1499 4326 1547 4372 niit
1565 4313 1661 4373 nullus
1676 4339 1708 4372 ei
1731 4314 1865 4374 t'utctibiu
1882 4319 1985 4374 arcisteis
2004 4328 2062 4375 tani

481 4437 680 4517 praesentibus
695 4461 783 4520 «pisam
801 4450 828 4494 et
845 4438 945 4496 futuris
962 4441 990 4497 in
1010 4438 1144 4496 eci-teum
1161 4449 1210 4496 aut
1228 4436 1290 4497 locs
1309 4460 1358 4494 seu
1378 4436 1501 4519 reliqum
1520 4440 1713 4519 'misessiones
1737 4461 1808 4519 epuns
1827 4437 1969 4496 moderno
1991 4450 2062 4496 teni·
2085 4449 2120 4497 ,to

482 4582 550 4639 pore
568 4562 595 4618 in
615 4558 791 4641 ‹priliusliliet
808 4562 888 4642 pagis
907 4560 950 4619 sel
971 4562 1120 4619 territoriis
1139 4561 1212 4618 inira
1228 4560 1388 4619 dictionarii
1407 4562 1488 4637 regni
1506 4562 1594 4618 mistri
1609 4568 1686 4640 juste
1705 4573 1732 4617 et
1753 4558 1885 4636 legaliter
1904 4573 2062 4620 memorate

482 4692 560 4738 tenet
579 4681 714 4740 aecclesia
736 4706 788 4740 nec
811 4686 839 4741 in
863 4708 910 4740 eas
934 4707 977 4740 res
1002 4707 1076 4765 iprae
1094 4683 1233 4765 ‹leiiiceps
1255 4706 1271 4742 a
1293 4681 1441 4741 catholicis
1461 4682 1557 4741 eiileni
1578 4681 1710 4741 conlatae
1727 4683 1833 4742 luerint
1850 4682 2004 4742 aecclesiae
2027 4683 2064 4742 ad

525 4884 547 4933 5¹]
570 4885 715 4944 Garulriili
738 4886 769 4945 C.
790 4921 831 4931 -
854 4886 879 4936 =¹¹l
907 4889 1109 4945 ‹uirisenciente
1132 4887 1165 4944 ll.
1192 4922 1233 4932 -
1264 4885 1289 4937 l‘l
1311 4888 1432 4969 acciperi
1453 4886 1487 4944 B.
1514 4921 1553 4931 -
1579 4886 1596 4934 i‘'
1629 4887 1736 4945 teneliit
1761 4887 1794 4945 ll.
1817 4922 1856 4933 -
1889 4897 1904 4925 Τ
1931 4886 1979 4946 lies
2000 4901 2065 4946 mati

481 4989 575 5046 eidem
592 4989 652 5047 lieri
669 5012 898 5050 censeremus...
922 4990 975 5048 bor
990 5002 1101 5049 nostiae
1119 4991 1310 5050 immunitatis
1320 5001 1506 5073 praeceptum
1520 4992 1585 5048 oiiu's
1596 5013 1648 5072 pur
1660 4993 1691 5048 C.

525 5196 549 5232 ‘¹¹
574 5195 612 5254 lie
632 5194 762 5278 diplom
782 5198 819 5254 ‹le
837 5195 1007 5266 tlartomm,
1022 5197 1088 5254 date
1109 5196 1146 5254 de
1170 5198 1226 5255 insi
1240 5197 1313 5266 881,
1329 5208 1372 5255 est
1388 5196 1487 5277 pulilie
1504 5196 1578 5272 glans
1598 5195 1626 5255 le
1646 5196 1756 5257 ttecait
1775 5196 1819 5256 do
1836 5197 1976 5257 historiens
1991 5196 2024 5256 de
2039 5199 2065 5255 la

482 5296 602 5368 Franci,
615 5309 636 5358 t.
655 5300 707 5369 lb,
723 5325 751 5383 p.
766 5303 841 5383 lap,
859 5310 889 5359 n·
904 5321 950 5361 itt.

1881 5461 1928 5498 ss.
