5084 6434
477 704 527 749 rvr
769 677 931 749 ,rurus
964 679 1029 747 nr:
1062 678 1325 750 rnrrrrrns
1358 641 1421 750 nr
1452 681 1519 753 nn
1551 680 1700 753 nonis
1728 683 1767 753 v.

478 856 634 943 roeuittt,
651 856 684 932 le
700 875 850 963 rapport
864 874 917 934 est
937 857 1087 933 continu
1103 875 1140 934 et
1158 887 1197 934 se
1213 859 1382 964 poursnit
1401 869 1422 935 a
1438 876 1573 937 travers
1590 859 1624 938 le
1640 877 1736 938 texte
1755 877 1837 937 tout
1851 860 1980 937 entier.
1998 860 2059 939 On

477 990 550 1066 s'en
571 988 780 1065 convainera
802 988 979 1066 aisement
994 1018 1058 1095 par
1074 987 1109 1065 le
1128 990 1435 1096 rapprochement
1454 992 1595 1067 suivant
1616 1022 1625 1066 z

616 1191 798 1279 nundus
822 1214 877 1278 ne
901 1214 1021 1280 nouis
1045 1215 1093 1279 tv.

522 1376 557 1441 lu
590 1376 718 1439 nomine
743 1385 847 1439 sancte
876 1385 908 1439 et
934 1373 1096 1439 individue
1127 1375 1228 1439 Trini-

477 1490 557 1552 tatis.
588 1488 700 1552 Divina
733 1487 952 1574 preordinante
984 1490 1096 1572 gratia,
1136 1489 1229 1550 Fran·

477 1623 587 1665 corum
601 1623 653 1664 rex
669 1599 858 1664 Ludovicus.
871 1599 947 1662 siin
961 1599 1075 1664 divinis
1090 1599 1229 1664 cultibus

476 1735 604 1801 operam
619 1712 744 1791 dantes,
763 1712 926 1777 ecclesiam
936 1713 994 1777 Dei
1006 1712 1045 1777 ad
1061 1734 1227 1777 summum

478 1847 564 1891 sacre
575 1826 734 1911 religionis
750 1837 869 1891 statum
885 1825 1051 1891 sustollere
1065 1848 1227 1901 conamur,

477 1942 517 2005 ab
546 1942 615 2027 ipso
637 1940 795 2004 bonorum
817 1941 966 2003 omnium
994 1949 1229 2004 remuneratore

479 2075 535 2141 pro
552 2063 637 2118 certo
650 2051 841 2117 confidimus
855 2050 922 2117 lore
939 2052 1029 2117 nobis
1048 2074 1229 2139 recompen-

477 2166 623 2231 sandum.
649 2165 746 2250 Igitur
769 2173 879 2228 notum
907 2187 973 2228 esse
994 2165 1143 2229 volumus
1163 2188 1228 2229 onr-

477 2284 572 2347 nibus
603 2291 708 2346 sancte
734 2282 792 2343 Dei
820 2280 948 2344 ecclesie
973 2279 1135 2354 fidelibus,
1162 2301 1228 2366 pre-

477 2395 619 2460 sentibus
637 2393 754 2458 scilicet
766 2402 797 2457 et
811 2392 942 2470 suturis,
955 2394 1107 2478 quoniam
1126 2402 1229 2457 nostre

477 2508 636 2594 dignitatis
669 2506 778 2570 adiens
806 2508 995 2592 presentiam
1029 2503 1228 2591 llmulpbus,

477 2642 583 2686 comes
607 2629 637 2684 et
658 2619 800 2683 marchio
823 2618 1041 2683 nobilissimus
1062 2627 1230 2704 nosterque

477 2734 727 2818 consanguineus
763 2732 971 2808 clarissimus,
1004 2731 1096 2797 nobis
1123 2731 1231 2796 retulit

478 2845 615 2911 dolendo
631 2844 793 2932 quoddam
816 2845 986 2910 cenobium
1005 2867 1023 2908 a
1051 2845 1230 2909 beatissimo

478 2958 623 3024 rimando
640 2958 764 3045 presule
776 2959 836 3022 snb
850 2958 985 3042 regulari
1000 2957 1229 3021 monachorum

480 3094 591 3138 norma
612 3071 759 3135 nobiliter
776 3093 866 3135 secus
884 3081 1022 3134 castrum
1043 3068 1229 3136 Gandavum

478 3208 571 3272 snper
605 3183 709 3249 Scaldi
744 3184 861 3248 tluenta
893 3183 972 3247 olim
1013 3192 1230 3248 constructum

478 3297 588 3371 luisse,
602 3295 690 3384 quod
697 3297 871 3381 antiquitus
879 3296 1049 3361 vocabatur
1058 3294 1230 3359 blandinus

477 3431 564 3474 nnnc
593 3430 668 3474 vero
701 3409 855 3472 vocitatur
892 3407 1043 3472 lobannis
1082 3417 1230 3471 monaste

478 3524 579 3599 rium,
610 3523 735 3607 penitus
767 3521 862 3585 modo
887 3519 995 3585 baberi
1020 3520 1228 3586 destructum.

479 3634 568 3701 Unde
595 3633 697 3698 isdem
721 3656 827 3699 comes
835 3682 938 3699 .....
951 3655 988 3698 eo
1007 3632 1143 3698 reddidit
1157 3637 1230 3718 jure

479 3747 632 3836 quasdam
655 3770 704 3811 res
713 3795 790 3811 .....
813 3769 875 3833 que
897 3746 1021 3811 dudum
1041 3768 1097 3832 per
1115 3747 1228 3811 violen-

480 3863 555 3925 tiam
583 3871 613 3926 et
640 3862 770 3924 nimiam
800 3860 988 3925 secularium
1022 3859 1229 3947 cupiditatem

477 3974 550 4037 inde
570 3971 694 4038 inerant
714 3974 898 4061 absumpte,
919 3973 1049 4038 remotis
1073 3975 1230 4037 canonicis

478 4087 556 4150 inibi
586 4107 648 4151 non
679 4087 753 4151 satis
781 4085 910 4150 honeste
934 4086 1112 4150 viventibus
1120 4135 1222 4150 .....

477 4200 631 4277 Quocirca
658 4197 828 4284 prelibatus
851 4220 958 4262 comes
983 4210 1122 4263 nostram
1147 4221 1229 4263 rere·

478 4321 583 4375 rentes
618 4312 746 4398 expetiit
786 4312 1037 4375 munificentiam
1074 4322 1230 4397 quatenus

477 4445 637 4489 concessas
668 4446 718 4488 res
744 4427 880 4512 precepti
921 4427 1015 4489 nostri
1052 4424 1230 4488 munimine

475 4540 544 4621 jam
571 4536 656 4601 dicto
679 4540 868 4601 monasterio
895 4539 1095 4602 corroborare
1122 4537 1229 4621 digna·

477 4671 587 4713 rernnr
595 4699 697 4714 .....
733 4651 866 4714 lirmiter
891 4660 1017 4715 teneant
1046 4661 1139 4737 atque
1166 4672 1230 4735 per·

478 4773 586 4848 petuo,
606 4765 732 4827 nemine
751 4765 962 4850 inquietante,
981 4764 1174 4850 possideant,
1194 4785 1229 4825 ea

477 4874 594 4938 scilicet
618 4878 736 4941 ratione
765 4887 799 4942 ut
827 4877 923 4941 abhas
955 4898 1030 4941 cum
1067 4875 1229 4938 monachis

480 4986 653 5053 secundum
684 4988 745 5054 loci
776 4989 1012 5076 possibilitatem
1048 4988 1230 5073 regulariter

520 5228 545 5273 ‘¹’
568 5231 603 5290 N‘
618 5229 695 5300 ΧΗ·
712 5252 741 5314 e·
758 5251 809 5314 or·

1433 1193 1616 1280 nundus
1640 1218 1694 1280 ns
1720 1215 1939 1283 romans.

1354 1376 1388 1439 ln
1402 1377 1530 1440 nomine
1543 1387 1647 1441 sancte
1661 1387 1692 1441 et
1705 1376 1867 1442 individue
1886 1378 2059 1444 Trinitatis.

1305 1490 1417 1553 Divina
1431 1488 1648 1584 preordinante
1661 1491 1779 1575 gracia,
1793 1491 1990 1555 Francorum
2005 1514 2058 1556 rer

1306 1602 1482 1666 Lotharins.
1503 1601 1535 1665 Si
1556 1604 1588 1665 in
1606 1602 1720 1667 divinis
1739 1602 1877 1667 cultibus
1895 1603 2060 1668 ecclesiam

1306 1716 1363 1779 Dei
1385 1714 1423 1779 ad
1449 1737 1615 1780 summum
1633 1723 1738 1780 sancte
1759 1715 1920 1801 religionis
1939 1726 2059 1782 statum

1306 1827 1468 1892 sustollere
1488 1850 1650 1904 conamur,
1680 1829 1813 1915 abipso
1840 1832 1987 1894 omniurn
2012 1832 2060 1895 bo

1306 1962 1422 2006 norum
1434 1951 1668 2007 remuneratore
1683 1941 1876 2006 confidimus
1888 1940 1955 2006 lore
1968 1943 2060 2008 nobis

1306 2054 1623 2140 recompensandum.
1650 2055 1748 2139 igitur
1772 2064 1885 2120 notum
1916 2076 1983 2121 esse
2009 2079 2059 2120 vo

1307 2167 1425 2231 luimus
1444 2169 1594 2231 omnibus
1615 2176 1719 2232 sancte
1749 2169 1806 2232 Dei
1831 2168 1963 2232 ecclesie
1985 2167 2060 2232 lide·

1307 2279 1405 2356 libus,
1427 2278 1623 2366 presentibus
1642 2280 1759 2344 scilicet
1783 2291 1813 2345 et
1834 2280 1967 2356 futuris,
1986 2303 2060 2366 quo

1307 2395 1393 2457 niam
1417 2401 1519 2457 nostre
1539 2392 1700 2478 dignitatis
1726 2394 1922 2479 presenciam
1945 2392 2060 2458 dilecta

1306 2509 1445 2590 conjunx
1463 2516 1566 2570 nostra
1581 2506 1698 2570 limma
1714 2503 1823 2570 adiens
1842 2505 1932 2571 nobis
1949 2506 2061 2571 retulit

1306 2618 1442 2684 dolendo
1464 2616 1627 2705 quoddam
1652 2618 1824 2684 cenobium
1848 2641 1866 2684 a
1888 2618 2059 2684 venerabili

1306 2735 1330 2796 F
1333 2731 1456 2797 olberto
1469 2731 1595 2818 presule
1609 2731 1669 2796 sub
1678 2731 1812 2817 regulari
1828 2730 2059 2797 canonicorum

1307 2867 1421 2911 norma
1443 2845 1593 2911 nobiliter
1616 2866 1706 2910 secus
1730 2843 1930 2911 Attrebatum
1965 2865 2062 2932 super

1307 2958 1388 3024 Satis
1431 2957 1551 3022 lluenta
1577 2958 1656 3025 olim
1693 2968 1911 3024 constructum
1944 2955 2060 3037 fuisse,

1306 3070 1394 3158 quod
1433 3080 1480 3136 est
1523 3073 1621 3136 situm
1657 3073 1689 3135 in
1727 3071 1801 3137 ville
1837 3093 1902 3158 que
1943 3071 2061 3137 dicitur

1306 3183 1497 3261 Mareolum,
1520 3206 1607 3249 nnnc
1631 3205 1705 3249 vero
1723 3186 1848 3271 penitus
1861 3184 2060 3249 destructum

1306 3318 1364 3384 per
1404 3295 1592 3363 violenciam
1627 3296 1819 3362 secularium
1852 3306 1884 3362 et
1925 3296 2059 3363 nimiam

1306 3409 1512 3496 cupiditatem
1543 3409 1704 3475 Teudonis
1743 3410 1897 3496 episcopi,
1932 3411 2061 3474 remotis

1305 3523 1380 3587 iude
1415 3523 1565 3587 omnibus
1596 3543 1659 3609 que
1693 3521 1854 3608 predictus
1891 3520 2061 3586 Fulbertus

1306 3640 1438 3723 ejusque
1453 3655 1643 3699 successores
1661 3634 1859 3701 tradiderunt
1868 3682 1972 3700 .....

1305 4200 1460 4279 Quocirca
1483 4197 1631 4284 prelibata
1656 4200 1792 4281 conjunx
1816 4207 1956 4262 nostram
1978 4219 2061 4262 reve·

1306 4321 1411 4378 tenter
1425 4311 1557 4397 expeciit
1572 4310 1828 4376 munificenciam
1848 4320 1883 4376 ut
1900 4332 2061 4375 concessas

1308 4446 1356 4489 res
1385 4425 1523 4512 precepti
1552 4425 1649 4490 nostri
1677 4424 1857 4488 munimine
1882 4427 1952 4508 jam
1977 4422 2061 4488 dicto

1307 4538 1495 4601 monasterio
1517 4539 1716 4602 coneborare
1738 4537 1943 4622 dignaremur
1951 4585 2053 4602 .....

1308 4660 1343 4715 ut
1368 4648 1504 4714 habeant
1531 4649 1664 4715 tirmiter
1688 4660 1719 4714 et
1745 4656 1911 4737 perpetuo,
1934 4649 2062 4713 nemine

1306 4765 1515 4852 inquietante,
1530 4762 1725 4851 possideant,
1746 4785 1782 4827 ea
1802 4763 1919 4827 scilicet
1937 4763 2060 4826 racione

1308 4887 1341 4940 ut
1363 4879 1484 4941 cunctis
1500 4876 1612 4940 diebus
1627 4878 1689 4940 vite
1706 4898 1817 4942 eorum
1842 4897 1900 4963 pro
1918 4874 2009 4938 nobis
2025 4897 2061 4937 ac

1306 4991 1405 5054 tocius
1420 4992 1506 5078 regni
1522 5000 1602 5054 statu
1624 4989 1757 5053 militare
1775 4990 1894 5076 jugiter
1911 4996 2061 5073 satagent.
