5084 6434
480 714 590 814 [984]
1136 710 1410 785 normias.
1989 709 2059 781 ηδ

476 911 509 966 et
515 894 540 947 tu
555 894 730 966 ecclesiam
746 908 859 964 sancte
869 891 985 972 Marie,
1002 917 1071 987 que
1081 894 1229 987 estjuxta
1240 905 1388 962 casuum
1403 886 1669 971 clnomonrett,
1683 904 1716 958 et
1726 886 1933 961 ecclesiaml‘l
1947 904 2061 959 sancte

476 1016 583 1087 Mario
593 1019 690 1112 juata
707 1023 862 1086 castrum·
872 1012 1009 1096 Odena3
1027 1029 1060 1085 et
1074 1013 1248 1086 ecclesiam
1268 1015 1374 1085 sancti
1391 1010 1553 1107 Stephani
1564 1014 1659 1106 juxta
1672 1025 1819 1084 castrum
1835 1010 2014 1094 Olenlula3
2029 1025 2061 1081 et

476 1139 652 1210 ecclesiam
667 1140 773 1209 sancti
788 1135 878 1208 Petri
895 1136 940 1207 ad
958 1135 1094 1232 Aquam
1112 1134 1233 1208 Vivam
1250 1161 1332 1208 oum
1347 1160 1464 1208 earum
1483 1134 1639 1216 decimis,
1656 1131 1782 1207 linibus
1801 1149 1834 1205 et
1853 1128 2058 1214 terminislll3

476 1265 553 1334 etin
565 1276 675 1332 castm
683 1258 847 1333 Olerdula
856 1273 888 1330 et
899 1261 935 1331 in
945 1262 1019 1355 ejus
1033 1260 1187 1330 terminis
1200 1257 1338 1338 domos,
1352 1272 1476 1337 turres,
1490 1272 1609 1336 terras,
1626 1259 1807 1352 vineasque
1814 1256 1849 1338 ll,
1863 1255 1995 1327 cultum
2009 1255 2061 1326 vel

476 1382 657 1455 heremum
673 1407 754 1453 cum
770 1381 911 1452 decimis
928 1395 961 1452 et
974 1383 1138 1478 primiciis
1145 1374 1185 1464 ll,
1201 1396 1350 1452 matrum
1367 1406 1471 1476 quem
1488 1394 1607 1452 vocant
1623 1378 1776 1450 Cleriana
1797 1404 1877 1449 cum
1894 1375 2019 1449 finibus
2030 1393 2062 1448 et
2101 1396 2117 1449 5

478 1501 664 1577 terrnininl‘l
682 1520 715 1576 et
733 1504 883 1577 ecclesiis
904 1529 972 1600 que
991 1500 1120 1575 ibidem
1140 1518 1220 1575 sunt
1241 1527 1322 1574 cum
1339 1503 1480 1574 decimis
1498 1516 1532 1573 et
1547 1503 1713 1599 primiciis
1722 1497 1768 1582 (ης
1788 1503 1901 1597 ipsum
1921 1499 2060 1573 alodum

477 1628 572 1724 quod
590 1625 750 1699 Amulius
764 1625 894 1697 ibidem
908 1624 1003 1698 dedit
1017 1624 1104 1697 infin
1119 1628 1282 1698 terminos
1296 1625 1339 1698 de
1356 1640 1465 1699 castro
1475 1622 1498 1679 ὓ)
1510 1623 1618 1696 Fonte
1633 1622 1753 1696 liabeo
1769 1639 1801 1693 et
1821 1621 1939 1693 Monta
1953 1621 2062 1694 Acuto

478 1765 510 1821 et
523 1749 666 1822 Piniana
675 1764 707 1819 et
718 1747 867 1829 {inoliti
882 1744 1090 1820 ecclesiaml‘l
1108 1764 1220 1819 sancte
1237 1747 1335 1820 Olive
1353 1774 1433 1820 cum
1452 1750 1524 1844 ipso
1542 1742 1671 1819 alodol'l
1690 1750 1723 1817 in
1742 1746 1918 1817 latitudine
1935 1745 1978 1817 de
1991 1748 2060 1841 ipsa

477 1872 617 1968 guardia
638 1872 680 1941 de
705 1867 927 1965 Bagnan'nsl'l
950 1897 1058 1967 usque
1080 1875 1115 1942 in
1138 1871 1251 1943 villam
1269 1869 1458 1943 Domabuis
1480 1886 1513 1941 et
1534 1873 1569 1940 in
1589 1868 1800 1963 longitudine
1822 1869 1865 1939 de
1890 1870 1961 1964 ipsa
1985 1866 2060 1939 villa

478 1994 649 2066 Domenio
668 2020 775 2091 usque
792 1994 836 2065 ad
853 1997 966 2090 ipsum
985 2020 1077 2065 mare
1090 1994 1191 2065 simul
1208 2019 1289 2066 cum
1307 1996 1386 2091 ipsis
1398 1988 1566 2089 sngnistt,
1583 2017 1664 2064 oum
1681 1991 1821 2064 decimis
1834 2005 1866 2059 et
1881 1992 2060 2086 primiciis;
2086 2024 2118 2062 ιο

478 2117 626 2188 decimas
641 2112 818 2212 quoquel’l
831 2131 864 2185 et
876 2119 1062 2214 primicias,
1079 2120 1127 2188 uti
1143 2131 1344 2188 consuetum
1360 2132 1408 2188 est
1425 2119 1486 2212 ipsi
1494 2111 1523 2168 (Ρ)
1538 2114 1615 2187 loco
1630 2113 1673 2184 ab
1691 2118 1836 2209 antiquis
1852 2110 2061 2207 temporibus

479 2242 646 2336 accipere,
666 2237 904 2319 concedimus,
920 2254 957 2309 ut
976 2240 1102 2311 amodo
1117 2242 1274 2337 accipiat,
1292 2236 1434 2311 teneatl‘tJ
1453 2254 1484 2309 et
1503 2235 1631 2336 absque
1649 2238 1716 2309 ulla
1735 2238 1966 2308 retractatione
1989 2261 2061 2333 pos-

479 2361 599 2443 sideat,
619 2361 717 2431 aloda
741 2376 774 2430 et
794 2365 1015 2459 possessiones
1031 2362 1110 2432 alias
1126 2361 1220 2456 quod
1235 2365 1356 2434 retinet
1374 2377 1406 2432 et
1424 2365 1531 2432 tenuit
1548 2363 1583 2432 in
1601 2337 1763 2433 comitatu
1780 2357 2060 2439 Barchinonousi,

479 2483 710 2561 Gerundensi,
731 2481 937 2564 Ausonensi,
961 2459 1166 2578 Urgeldiensi
1191 2499 1224 2553 et
1249 2483 1334 2581 [per]
1360 2487 1540 2580 scripturas
1566 2482 1646 2552 alias
1673 2479 1862 2552 deincebsl‘l
1886 2480 2062 2576 adquirere,

479 2610 651 2701 potuerint
668 2632 747 2676 cum
766 2608 920 2676 terminis
938 2620 970 2675 et
991 2603 1116 2675 linibus
1135 2605 1288 2685 illorum,
1306 2605 1466 2686 ecclesiis,
1486 2601 1660 2682 domibus,
1683 2607 1786 2673 curtis
1805 2602 1832 2676 ¹³.
1853 2606 1947 2678 ortis,
1969 2607 2063 2671 torris
2087 2621 2118 2674 ¹5

479 2728 577 2797 cultis
598 2744 630 2797 nt
650 2728 801 2806 incultis,
821 2731 943 2809 vineis,
963 2731 1082 2824 pratis,
1103 2732 1250 2824 pascuis,
1270 2727 1373 2803 silvis,
1391 2724 1608 2802 calminibus,
1628 2726 1833 2794 molendinis
1853 2752 1940 2822 nque
1962 2724 2063 2794 itibus

479 2931 553 2992 ultra
574 2934 636 3016 ipso
658 2935 714 3004 rio,
734 2936 794 3017 ipsa
817 2934 925 3002 rovira,
941 2955 998 3015 que
1019 2932 1153 2993 affrontat
1173 2933 1210 2992 de
1230 2934 1341 3016 [parte]
1361 2935 1479 2992 orientis
1499 2935 1529 2990 in
1551 2934 1612 3015 ipso
1632 2930 1729 2990 medio
1748 2929 1828 2989 alveo
1849 2928 1952 2990 Anolia
1975 2941 2003 2988 et
2026 2929 2063 2988 de

480 3048 560 3121 parte
578 3037 737 3096 occidentis
751 3039 782 3096 in
799 3039 857 3120 ipsa
872 3059 948 3096 serra
962 3035 1006 3095 vel
1023 3060 1113 3121 pugo,
1130 3037 1180 3095 ubi
1195 3039 1246 3121 ipsi
1259 3039 1443 3096 monumenti
1460 3046 1526 3095 sunt
1542 3037 1654 3117 antiqui
1664 3057 1754 3119 pmpe
1770 3036 1829 3118 ipsu
1846 3031 1911 3093 villa
1928 3035 2061 3116 antiqua,

479 3140 558 3199 etde
575 3151 656 3223 parte
674 3139 795 3200 meridie
810 3140 855 3199 vel
876 3142 942 3199 circi
956 3143 985 3199 in
999 3142 1073 3223 ipsas
1088 3141 1215 3211 combas,
1227 3138 1308 3200 unde
1319 3163 1392 3222 aqua
1401 3140 1533 3200 discurrit
1546 3161 1597 3223 prr
1613 3139 1719 3198 imbres
1733 3138 1806 3197 lianc
1824 3137 2062 3220 giossessionolml

479 3279 521 3290 -
534 3241 559 3294 ll
572 3253 602 3303 et
616 3245 682 3301 omis
693 3266 746 3326 pur
759 3242 790 3305 C.
815 3279 856 3290 -
873 3242 899 3294 (a)
915 3243 1063 3303 ecclesiam
1077 3255 1174 3305 sancte
1191 3245 1280 3305 llario
1291 3250 1373 3329 Juxta
1396 3242 1563 3306 Clarmonte
1579 3239 1610 3303 C.
1632 3278 1674 3289 -
1690 3241 1714 3293 l‘l
1730 3241 1848 3300 ecclesii·
1864 3241 1897 3299 ll.
1920 3276 1961 3286 —
1985 3239 2011 3287 {di
2035 3249 2063 3298 et

479 3344 736 3407 alimntacionibus
748 3348 805 3407 suis
814 3346 910 3430 ajoute'
918 3370 972 3428 por
984 3347 1016 3408 C.
1032 3383 1073 3394 -
1087 3346 1112 3399 lt)
1124 3370 1182 3430 que
1197 3349 1263 3406 omis
1272 3369 1327 3431 par
1339 3348 1424 3407 13.-
1440 3345 1464 3398 (ὓ
1476 3346 1582 3406 sinibus
1597 3357 1626 3405 rt
1635 3344 1892 3406 allmntacionibus
1903 3347 1960 3404 suis
1972 3345 2066 3428 ojooti

477 3472 531 3532 por
546 3450 578 3510 C.
591 3487 633 3497 ·-
645 3448 672 3501 (Ι)
686 3472 754 3511 curn
768 3449 877 3510 finibus
891 3459 920 3510 et
934 3450 1190 3512 affrontacionibus
1202 3453 1260 3512 suis
1274 3449 1306 3512 C.
1316 3485 1358 3500 ·-
1374 3448 1404 3502 Μ
1420 3449 1446 3510 C
1454 3450 1578 3534 ajouted
1594 3449 1620 3508 la
1636 3449 1704 3508 suite
1718 3448 1751 3511 de
1765 3472 1795 3508 ce
1810 3462 1865 3507 mot
1882 3449 1907 3506 lo
1924 3447 1996 3528 glou
2010 3448 2063 3507 soi·

480 3566 558 3613 rante
573 3580 581 3613 .·
598 3553 732 3636 &inique
746 3553 970 3616 affrontaciones
981 3555 1094 3638 ejusde
1107 3566 1187 3640 parte
1200 3557 1321 3615 orientis
1337 3557 1367 3616 in
1390 3556 1502 3638 Campo
1523 3554 1623 3635 Magro
1641 3553 1677 3614 ad
1696 3555 1755 3638 ipsa
1773 3553 1879 3634 laguna
1895 3552 1938 3613 iel
1954 3555 1984 3613 in
2003 3557 2065 3638 ipso

481 3656 524 3716 sel
544 3669 640 3739 tragar
655 3659 722 3737 (sic)
736 3669 764 3717 et
783 3657 861 3718 vadit
878 3680 931 3744 per
951 3661 1011 3742 ipsa
1027 3657 1130 3717 comba
1146 3658 1183 3717 de
1198 3657 1299 3719 latula
1319 3681 1410 3742 usque
1430 3661 1459 3717 in
1478 3660 1644 3717 sumitatem
1659 3680 1735 3717 serre
1750 3669 1779 3716 et
1794 3658 1923 3718 ascendit
1941 3682 1992 3742 per
2005 3662 2064 3742 ipsa

480 3784 555 3820 serra
572 3772 601 3820 et
616 3762 709 3821 tendit
724 3783 816 3844 ungue
829 3760 864 3821 ad
879 3763 940 3846 ipso
955 3760 1044 3846 pugol
1060 3762 1141 3842 (sic),
1156 3784 1212 3844 que
1226 3761 1328 3821 dicunt
1346 3759 1482 3821 Garrliola
1498 3760 1534 3819 di·
1548 3759 1693 3829 Albanis,
1706 3760 1743 3819 de
1765 3773 1844 3844 parte
1861 3785 1928 3820 vem
1951 3763 2017 3820 cirri
2035 3765 2064 3822 in

474 3872 538 3949 jam
551 3865 630 3925 dicto
645 3864 724 3950 pujnl
739 3878 806 3925 ante
821 3864 938 3927 Albam}
951 3867 1050 3926 sivein
1067 3864 1132 3925 villa
1146 3866 1183 3925 de
1196 3864 1282 3926 santa
1295 3876 1325 3927 et
1337 3865 1464 3951 pervadit
1477 3867 1505 3923 in
1519 3866 1578 3947 ipsa
1587 3886 1663 3925 serra
1677 3887 1762 3951 super·
1775 3867 1868 3947 arrigo
1881 3864 1917 3925 de
1932 3865 2065 3927 llesendo

479 3980 508 4028 et
521 3967 590 4030 inde
604 3970 754 4030 descendit
763 3992 815 4053 per
822 3971 885 4054 ipso
893 3969 1042 4030 Lommd
1053 3972 1190 4049 ringente
1202 3967 1239 4029 de
1252 3969 1275 4029 F
1278 3992 1398 4039 raiano,
1410 3969 1460 4029 ubi
1471 3971 1558 4028 intrat
1575 3970 1604 4028 in
1620 3970 1681 4052 ipso
1697 3970 1740 4028 rio
1755 3967 1791 4027 de
1809 3969 1872 4029 Vim
1888 3968 1925 4028 de
1942 3970 2065 4031 occiduo

479 4071 613 4133 similiter
624 4074 653 4131 in
671 4074 734 4156 ipso
748 4074 790 4133 rio
802 4071 840 4132 de
854 4073 922 4135 Vim
939 4071 983 4133 vel
996 4074 1087 4132 sancti
1108 4074 1199 4142 l‘rtri,
1212 4073 1250 4133 de
1273 4072 1393 4133 meridia
1412 4074 1441 4131 in
1462 4073 1505 4131 via
1522 4093 1580 4155 que
1593 4073 1686 4155 pergit
1707 4071 1819 4156 adipso
1840 4070 1950 4155 portel·
1970 4072 2013 4132 vel
2034 4076 2063 4134 in

481 4177 539 4259 ipsa
556 4197 631 4237 serra
652 4199 709 4259 que
727 4175 830 4236 dicunt
847 4175 930 4239 Godn
949 4189 979 4240 et
993 4180 1125 4262 pervenit
1139 4198 1192 4261 per
1204 4178 1369 4238 sanitatem
1385 4198 1460 4235 serm
1479 4177 1509 4236 in
1526 4177 1603 4261 ipsos
1615 4174 1731 4260 pugols,
1748 4177 1777 4234 in
1791 4174 1940 4236 eclesiam
1953 4199 2011 4260 que
2025 4176 2064 4236 di-

478 4290 547 4338 cunt
560 4281 650 4338 mncti
666 4280 742 4340 Petri
758 4302 826 4341 rum
840 4282 915 4365 ipsos
926 4279 1111 4341 oemunoede
1123 4280 1231 4350 Toros,
1244 4280 1351 4341 deimle
1366 4279 1514 4341 descendit
1528 4301 1579 4365 per
1595 4280 1668 4362 ipsas
1681 4279 1753 4340 finies
1771 4278 1808 4336 ‹li›
1821 4280 1928 4350 Tam,
1943 4303 1993 4364 prr
2005 4283 2064 4365 ipsa

478 4383 583 4441 comba
599 4383 636 4442 de
651 4383 789 4443 liaiberto
806 4386 943 4469 usquein
961 4385 1020 4468 ipsa
1038 4383 1141 4444 comba
1157 4383 1194 4444 de
1209 4384 1341 4444 Morontn
1359 4383 1402 4443 rel
1418 4385 1448 4442 in
1464 4385 1524 4468 ipsa
1540 4383 1668 4444 ernado
1686 4384 1745 4467 ipse
1767 4383 1870 4445 curulia
1887 4384 1924 4444 de
1941 4383 2064 4446 snucoe·

480 4485 584 4545 exinde
600 4486 747 4545 descendit
771 4509 822 4570 prr
842 4489 901 4570 ipsa
918 4498 1101 4570 costumque
1121 4486 1561 4572 inverlicemontisdeliampo
1582 4487 1697 4570 Magri),
1713 4508 1804 4570 iisque
1819 4487 1857 4548 ad
1877 4489 1937 4571 ipsa
1959 4487 2066 4573 laguna

480 4592 610 4672 nuperius
619 4592 738 4657 inserta,
752 4590 968 4649 sicntdominus
979 4590 1135 4651 Unisredus
1146 4590 1271 4650 condam
1285 4591 1352 4669 (sic)
1361 4592 1444 4671 jussit
1458 4589 1528 4648 tlara
1537 4592 1765 4673 perscriptorem
1774 4589 1935 4670 largitionis
1944 4591 2066 4653 domino

481 4692 584 4754 Deoer
600 4695 691 4753 amri
705 4693 868 4777 Cnmplsati
881 4696 1007 4754 martiris
1019 4697 1087 4773 (sic)
1103 4704 1221 4778 propter
1231 4694 1393 4755 residium
1404 4695 1562 4755 animosus
1578 4695 1724 4777 patrisque
1738 4694 1912 4756 niseum
1924 4696 2065 4764 condam:

482 4807 509 4854 et
526 4795 631 4857 cellam
647 4799 738 4858 sancti
753 4796 832 4857 Petri
854 4818 912 4879 que
926 4797 1030 4858 dicunt
1047 4798 1112 4858 iiim
1133 4818 1200 4858 mm
1217 4797 1340 4859 decimis
1356 4808 1387 4857 et
1405 4797 1544 4880 primiciis
1560 4806 1589 4857 st
1603 4799 1703 4858 ornrus
1718 4796 1773 4858 sihi
1790 4800 1980 4883 pertinentia.
1994 4801 2065 4862 iicet

480 4898 607 4958 condam
623 4898 710 4961 Saul·
723 4899 805 4961 dedit
820 4900 942 4961 domino
955 4901 1018 4962 Deo
1032 4903 1165 4963 etuncti
1177 4899 1340 4985 Crruplimi
1356 4902 1480 4961 metir-is
1492 4901 1586 4961 votiva
1601 4899 1687 4961 simu
1702 4922 1770 4962 run
1786 4899 1909 4963 Donido
1928 4924 2065 4971 maso,

482 5014 568 5084 atque
582 5016 708 5064 cestrum
729 5006 823 5064 Toros
838 5005 912 5065 iufra
928 5013 990 5086 ejus
1002 5006 1142 5073 termino,
1154 5003 1252 5065 villam
1273 5025 1331 5087 qus
1343 5015 1448 5064 rotant
1460 5005 1572 5066 Avensa
1586 5025 1654 5065 nun
1669 5004 1726 5065 lins
1737 5009 1824 5081 (cerr.
1840 5006 1912 5083 nial
1924 5009 2065 5069 lerninis.

483 5140 523 5152 -
538 5106 559 5155 i)
572 5118 697 5168 rastrum
714 5108 745 5168 C.
764 5142 806 5156 -
821 5106 847 5160 ll)
862 5107 988 5170 Clinrolo
996 5110 1030 5171 C.
1042 5142 1084 5156 ··-
1099 5108 1125 5158 til
1135 5106 1256 5170 ecclesie
1273 5107 1331 5170 BC.
1347 5106 1647 5190 Cordmeodeu‘sm.
1658 5141 1700 5157 --
1715 5110 1736 5160 μ)
1756 5111 1854 5193 iperio
1872 5109 1994 5174 aluhm
2006 5112 2065 5173 Μ’.

481 5213 613 5290 (amyra
629 5213 690 5294 ipso
707 5210 802 5273 alodo.
816 5244 859 5259 -
874 5213 909 5265 l¹l
925 5212 1081 5292 &guadet
1098 5212 1132 5271 B.
1150 5245 1192 5260 -
1209 5212 1236 5261 Μ
1252 5210 1530 5295 ipsustagnnsBC.
1543 5210 1675 5291 Curiga
1690 5213 1887 5295 ipaisstagm
1902 5213 2067 5274 -t-tdoe's

483 5335 602 5395 nusqm
619 5317 650 5374 C.
665 5352 703 5359 —
723 5315 749 5367 't’l
762 5316 825 5398 ipso
843 5315 875 5373 ll.
889 5350 929 5363 -
945 5316 972 5368 ¹¹)
985 5325 1083 5377 teneat
1097 5326 1127 5377 et
1141 5316 1261 5399 ιωὶμίί
1278 5315 1311 5375 C.
1324 5348 1371 5366 -
1388 5315 1414 5370 l'l
1427 5313 1487 5378 ste.
1502 5348 1548 5369 υ·
1565 5313 1663 5378 tisis

1885 5458 1930 5510 iti.
