5084 6434
637 737 681 782 ιιι
931 711 1094 783 Actus
1126 713 1191 783 DE
1224 710 1487 784 LOTHAIRE
1521 711 1584 782 ΕΤ
1615 711 1682 782 DE
1715 708 1863 782 touls
1890 709 1929 781 V.

637 893 722 969 c’cst
738 899 758 967 a
775 889 809 967 la
829 888 1066 968 chaucellerie
1086 889 1209 997 royale
1228 921 1302 998 que
1318 919 1475 997 presque
1495 909 1578 966 tous
1597 889 1650 967 les
1670 887 1852 996 dipldmes
1869 887 1917 964 de
1932 885 2104 965 Lothaire
2118 907 2155 965 et
2175 888 2221 965 de

638 1022 750 1100 Louis
768 1021 801 1098 V
816 1038 881 1098 ont
901 1028 958 1097 etti
974 1021 1129 1129 rediges.

694 1155 936 1241 Sandone,
958 1182 1052 1231 nous
1066 1181 1113 1230 ne
1133 1181 1299 1260 pouvons
1316 1152 1368 1231 les
1389 1161 1598 1230 ramenert
1624 1181 1675 1229 un
1703 1151 1838 1228 certain
1863 1149 2018 1227 nombre
2044 1148 2091 1227 de
2118 1166 2222 1258 types

638 1283 875 1376 immuables;
898 1284 1005 1374 mais,
1026 1294 1149 1362 meme
1178 1285 1209 1360 si
1228 1283 1301 1361 l'on
1321 1284 1387 1360 lait
1411 1284 1629 1362 abstraction
1649 1284 1714 1360 des
1735 1280 1912 1360 formules
1935 1281 1987 1358 du
2013 1281 2219 1388 protocole,

637 1415 682 1493 ils
697 1424 910 1524 presentent
929 1432 1032 1493 entre
1053 1444 1123 1493 eux
1141 1416 1207 1493 des
1232 1415 1415 1525 analogies
1439 1415 1645 1524 frappantes
1671 1416 1782 1522 qu’on
1804 1443 1852 1491 ne
1874 1413 2008 1490 saurait
2032 1412 2222 1520 expliquer
2321 1416 2325 1422 ’

638 1565 845 1627 autrement
862 1550 970 1655 qu'en
989 1546 1070 1624 leur
1087 1566 1286 1655 supposant
1306 1577 1379 1624 une
1401 1547 1540 1654 origine
1563 1576 1772 1625 commune.
1789 1544 2061 1652 Quelquesuns
2079 1553 2219 1633 meme,

639 1680 803 1787 quoique
822 1677 977 1756 delivres
995 1688 1016 1754 t
1035 1678 1100 1754 des
1126 1676 1254 1785 eglises
1274 1693 1428 1755 souvent
1446 1676 1520 1756 fort
1539 1677 1714 1754 distantes
1731 1674 1784 1753 les
1803 1705 1895 1753 unes
1912 1675 1977 1752 des
1996 1692 2117 1752 autres
2130 1703 2180 1754 ou
2199 1684 2219 1752 n

638 1812 703 1889 des
722 1839 964 1918 personnages
978 1809 1183 1897 differente,
1205 1838 1243 1887 se
1262 1815 1430 1917 repetent
1446 1838 1602 1916 presque
1620 1826 1737 1886 terme
1753 1836 1848 1916 pour
1862 1824 1991 1884 terme.

694 1943 811 2027 Aiusi,
833 1941 930 2018 deux
953 1940 1134 2048 dipldmes
1151 1940 1198 2017 de
1216 1939 1356 2017 l'annee
1379 1943 1458 2044 958
1481 1939 1668 2028 uecordes,
1696 1938 1771 2016 l'un
1790 1940 1848 2043 (η’)
1867 1939 1932 2043 ΧΙ)
1949 1968 1996 2015 au
2014 1943 2219 2017 monestere

638 2074 684 2151 de
705 2069 962 2150 Saint-Michel
982 2072 1029 2149 de
1048 2071 1164 2158 Cuxa,
1181 2071 1308 2148 l'antre
1325 2071 1383 2175 (οῦ
1400 2072 1482 2175 ΧΠ)
1508 2080 1528 2147 a
1549 2070 1644 2148 celui
1665 2073 1713 2148 de
1737 2068 1868 2177 Cluny‚
1892 2068 2220 2177 presentent-deux

637 2202 868 2312 preambnles
889 2220 925 2280 et
944 2203 1041 2280 deux
1055 2202 1301 2281 notifications
1316 2231 1472 2310 presque
1490 2200 1708 2279 semblables
1728 2233 1737 2277 ι

941 2448 980 2510 Ν*
996 2445 1085 2511 xlsst.

683 2616 717 2681 Si
733 2615 876 2680 fidelium
887 2625 1068 2680 nostrorum
1077 2618 1173 2701 justis
1188 2617 1391 2703 petitionibus

636 2739 758 2794 nostrae
799 2731 970 2794 serenitatis
1013 2751 1105 2794 aures
1130 2728 1389 2804 accomodamus‚

636 2840 910 2929 praedecessorum
928 2851 1109 2908 nostrorum
1129 2863 1241 2927 regum
1258 2863 1388 2906 consuc-

635 2954 760 3019 tudiues
779 2956 969 3020 obtinemus.
993 2953 1193 3042 Quapmpter
1215 2964 1327 3019 uotum
1351 2957 1390 3017 sit

635 3077 757 3132 sauctm
775 3069 834 3132 Dei
860 3067 1006 3132 ecclesiae
1030 3077 1275 3153 nostmrumque
1316 3067 1389 3129 tide·

636 3179 715 3244 lium
741 3189 807 3244 tam
833 3181 1046 3266 praesentium
1075 3201 1174 3264 quam
1207 3178 1388 3242 futurorum

634 3291 808 3355 industriae
831 3291 918 3378 quod
943 3290 1073 3354 domina
1098 3313 1169 3355 mea
1191 3300 1292 3354 mater
1314 3292 1389 3374 regi-

1766 2447 1806 2510 N⁰
1822 2443 1928 2510 xsstt

1514 2617 1734 2681 Precessorum
1768 2625 1949 2679 nostrorum
1977 2615 2220 2680 consuetudines

1466 2752 1577 2815 regum
1592 2732 1789 2816 optinemus‚
1811 2729 1838 2792 si
1859 2726 2056 2792 familiariter
2074 2731 2220 2793 concruis

1466 2844 1499 2905 in
1518 2842 1727 2929 peticionibus
1750 2840 1859 2905 fideles
1882 2850 2005 2905 nostros
2021 2840 2218 2906 exaudimus.

1466 2955 1667 3040 Quapropter
1693 2955 1839 3034 universe
1865 2962 1987 3017 sanctae
2008 2953 2066 3017 Dei
2089 2953 2220 3035 ecclesie

1466 3076 1708 3152 nostmrumque
1731 3068 1879 3130 omnium
1902 3065 2045 3130 fidelium
2068 3074 2134 3130 tam
2154 3088 2220 3152 pre

1465 3180 1602 3242 sentium
1614 3200 1712 3264 quam
1728 3188 1759 3243 et
1776 3177 1958 3243 futurorum
1976 3179 2091 3242 animis
2106 3188 2218 3243 uotum

1464 3312 1530 3355 esse
1545 3291 1693 3357 volumus
1712 3293 1866 3378 quoniam
1884 3290 2013 3355 domina
2030 3313 2101 3356 mea
2118 3300 2220 3356 mater

635 3424 740 3490 naque
758 3403 909 3488 Girberga
926 3425 982 3490 per
998 3424 1186 3468 consensum
1210 3412 1389 3468 nostrorum

636 3516 796 3581 lidelium.
813 3565 820 3581 .
837 3566 844 3580 .

1464 3403 2219 3491 cloriosissimaqueGirbergareginaperconsen-

1465 3538 1536 3580 sum
1552 3538 1684 3581 suorum
1700 3525 1944 3602 nostrorumque
1959 3514 2119 3580 fidelium.
2135 3566 2142 3581 .
2159 3567 2166 3580 .

692 3779 748 3855 Un
776 3777 939 3886 diplome
969 3778 1020 3854 du
1053 3781 1100 3865 rt
1124 3779 1275 3856 octobre
1297 3782 1377 3883 963
1399 3807 1495 3885 pour
1520 3778 1653 3865 Adue,
1675 3796 1854 3857 comtesse
1874 3779 1922 3856 de
1936 3778 2087 3866 Poitou‚
2110 3796 2147 3857 et
2166 3807 2218 3856 un

634 3928 753 3999 autre,
771 3909 823 3988 du
849 3915 894 3989 13
911 3909 998 3987 avril
1020 3916 1118 4013 969,
1138 3938 1235 4018 pour
1250 3909 1413 3999 Tbierri,
1432 3928 1552 3987 comte
1571 3909 1618 3986 de
1639 3907 1836 3998 Hollande,
1856 3927 1940 3988 sout
1954 3909 2097 4017 rediges
2109 3909 2217 3987 d’uue

634 4043 795 4119 maniere
817 4072 973 4149 presque
994 4041 1196 4149 identique.
1220 4042 1318 4120 Dans
1341 4042 1416 4118 l’un
1434 4040 1477 4129 (³),
1503 4041 1539 4119 le
1563 4059 1660 4119 texte
1682 4043 1821 4120 s'ouvre
1845 4071 1912 4148 par
1933 4040 1967 4118 la
1991 4040 2219 4120 notificatiou

634 4175 826 4251 suivantc:
857 4175 1019 4250 «Notum
1044 4173 1090 4249 sit
1114 4172 1288 4251 omnibus
1312 4173 1483 4251 fidelibus
1509 4175 1642 4251 nostris
1660 4193 1735 4250 tam
1754 4173 2004 4280 praesentibus
2030 4203 2217 4281 quamque

634 4304 767 4381 futuris
781 4304 883 4410 quod
898 4303 1108 4382 Willelmus
1125 4334 1266 4393 comm,
1287 4304 1412 4382 adiens
1429 4322 1589 4382 nostram
1606 4305 1864 4413 praesentiam,
1885 4305 2075 4382 humiliter
2091 4305 2218 4413 depre

634 4452 734 4512 catus
748 4452 801 4513 est
814 4453 856 4512 ut
867 4453 991 4514 nostro
1004 4435 1115 4543 regali
1125 4453 1321 4544 praecepto
1332 4435 1516 4543 quandam
1527 4454 1669 4515 curtem
1683 4437 1806 4514 uxoris
1820 4465 1905 4513 suae
1921 4435 2216 4514 nominerldelae

633 4567 864 4645 firmaremus
878 4600 909 4658 ις
928 4568 1018 4645 dans
1031 4566 1208 4654 l'autrett,
1226 4567 1260 4645 la
1282 4568 1507 4647 notilication
1525 4587 1599 4646 est:
1616 4607 1628 4638 ι
1645 4570 1779 4647 Notum
1799 4568 1845 4645 sit
1859 4566 2032 4646 omnibus
2046 4566 2218 4646 fidelibus

634 4700 766 4776 uostris
784 4717 857 4776 tam
875 4700 1106 4807 presentibus
1125 4731 1311 4809 quamque
1327 4700 1460 4777 suturis
1484 4701 1587 4807 quod
1610 4700 1742 4779 dilecta
1765 4700 1896 4809 conjux
1919 4717 2040 4777 nostra
2062 4700 2218 4778 Hemma

633 4831 776 4937 regina,
808 4831 933 4909 adiens
956 4850 1078 4910 nostre
1111 4831 1336 4910 celsitudinis
1363 4833 1598 4938 presentiam,
1625 4832 1814 4910 humiliter
1847 4831 2039 4941 deprecata
2086 4850 2140 4909 est
2176 4849 2219 4909 ut

634 4962 782 5039 cuidam
801 4981 925 5040 nostro
944 4962 1061 5046 fideli.
1079 4963 1215 5041 scilicet
1227 4961 1460 5041 Theoderico
1478 4964 1624 5049 comiti,
1646 4964 1826 5041 forestum
1842 4964 2000 5043 Wasda.
2021 5025 2028 5040 .
2049 5024 2057 5039 .
2091 4980 2218 5041 nostro

677 5148 703 5189 ‘¹'
726 5149 757 5208 P.
775 5168 829 5217 aa.
845 5146 865 5207 l.
884 5148 931 5208 ab.

677 5250 701 5293 (η
726 5252 757 5312 Ρ.
775 5252 828 5321 26,
844 5251 864 5312 l.
886 5274 930 5333 ις.

1505 5149 1531 5193 ‘³¹
1555 5151 1675 5219 Ν·ΧΧ.
1693 5173 1720 5236 p.
1737 5154 1793 5220 da,
1809 5149 1829 5210 l.
1848 5170 1896 5210 ar.

1507 5253 1532 5298 ‘⁸¹
1555 5253 1769 5339 N0xxx11,p.
1789 5252 1880 5335 7s.1.
1896 5274 1945 5336 ²9·
