5084 6434
454 716 523 790 tat
1082 718 1236 788 turus
1267 719 1406 789 ΒΑΕ-Χ.
1923 719 2037 820 [969]

450 904 583 969 ¹<ionum
609 900 724 970 solutis
746 903 919 993 contagiis.
935 898 1041 986 Quod
1063 922 1203 968 cernens
1225 899 1314 968 clara
1333 898 1484 969 Wilelmi
1508 903 1679 970 commitis
1701 900 1883 995 dilectique
1906 894 2036 971 lidelil¹l

450 1026 551 1091 nostri
568 1037 675 1091 mater
698 1021 806 1100 ldela,
822 1036 1003 1117 postquam
1021 1047 1100 1090 suus
1111 1014 1139 1071 (⁵¹
1155 1018 1333 1090 bominem
1347 1024 1487 1103 exierat,
1505 1024 1704 1091 servituram
1722 1048 1757 1093 se
1769 1022 1842 1094 Deo
1859 1020 2035 1119 obligavit,

443 1147 569 1237 jugiter
591 1142 637 1211 illi
660 1144 721 1212 soli
740 1145 885 1211 innitens
907 1169 925 1212 a
950 1167 1020 1239 quo
1035 1158 1149 1212 mente
1167 1158 1199 1212 et
1217 1167 1305 1239 puro
1322 1142 1426 1213 corde
1444 1142 1598 1213 anelabat
1616 1169 1784 1240 supernae
1797 1146 1885 1215 vitae
1905 1142 2035 1217 deside-

449 1269 548 1333 rium.
565 1264 690 1335 Verum
700 1260 726 1314 l‘l
745 1268 778 1333 in
799 1267 963 1336 universis
979 1260 1110 1336 maiist‘t
1127 1290 1233 1361 quarn
1254 1267 1290 1333 in
1308 1268 1410 1334 unius
1428 1263 1642 1335 subsistentia
1658 1264 1784 1336 Christi
1803 1267 1946 1336 sersitus
1965 1263 2034 1335 leli·

409 1398 424 1444 ῐι
447 1391 517 1455 eius
544 1391 718 1457 exercitata
748 1388 923 1458 audiretur
950 1402 1052 1484 atque
1081 1391 1152 1457 sine
1184 1384 1418 1457 reliosaruml⁰l
1441 1386 1602 1484 suffragio
1635 1403 1871 1460 matronarum
1895 1388 1932 1459 id
1959 1387 2033 1458 lieri

447 1508 598 1577 liustrata
616 1511 686 1606 ejus
702 1536 775 1606 spes
793 1503 1006 1590 latissebatl‘l,
1021 1509 1181 1581 conscilio
1195 1508 1445 1605 religiosarum,
1466 1535 1626 1579 unacum
1646 1507 1716 1579 silio
1733 1505 2032 1581 witelmol‘loom-

446 1634 525 1699 snite
544 1647 675 1701 nostrae
694 1634 878 1702 serenitatis
895 1658 1011 1702 aurem
1029 1631 1152 1702 humili
1172 1634 1366 1728 precamine
1389 1630 1543 1728 adgressa
1560 1646 1625 1712 est,
1646 1645 1685 1701 ut
1699 1628 1787 1701 inira
1799 1630 2031 1703 pictavensem

446 1751 583 1835 urbem,
599 1757 632 1822 in
650 1754 788 1851 praedio
801 1779 879 1833 suo,
894 1754 989 1851 quod
1002 1753 1122 1824 adhoc
1139 1769 1266 1823 emerat
1280 1756 1375 1848 juxta
1394 1753 1603 1850 pusterulam
1622 1757 1728 1824 sancti
1744 1747 1883 1836 llariit‘l,
1897 1778 2032 1841 monas·

444 1879 567 1945 terium
586 1875 626 1946 ad
644 1877 809 1946 honorem
823 1891 955 1947 sanctae
972 1891 1004 1946 ct
1019 1875 1214 1947 individuae
1227 1876 1415 1955 Trinitatis,
1431 1877 1523 1947 Deus
1536 1876 1630 1973 quod
1647 1891 1712 1957 cst,
1731 1879 1880 1947 construi
1898 1876 2031 1946 licitum

391 2034 423 2066 ιο
445 1997 544 2079 locet,
567 1995 625 2066 ubi
643 2023 705 2095 pro
727 2012 838 2067 nostra
862 2001 1031 2095 totiusque
1039 1993 1063 2048 (ἦ)
1082 2000 1176 2091 regni
1195 2001 1301 2068 nostri
1323 1997 1428 2068 salute
1448 2025 1486 2068 ac
1508 2022 1572 2095 pro
1594 1996 1745 2068 remedio
1768 2000 1879 2069 man‘ti
1901 1997 2031 2095 filiique

439 2122 566 2214 jugiter
581 2117 697 2189 laudes
714 2118 843 2189 debitas
861 2146 879 2190 a
898 2119 1106 2216 desponsatis
1124 2145 1267 2217 sponsus
1284 2120 1440 2190 ecclesiae
1458 2119 1611 2190 Christus
1633 2122 1759 2190 auriret
1779 2134 1881 2215 atque
1901 2118 1946 2191 ad
1964 2118 2031 2191 lucc

443 2240 666 2311 detinendum
679 2256 788 2311 curtes
803 2241 887 2312 duas
898 2268 980 2313 cum
994 2245 1064 2312 suis
1080 2242 1264 2339 apendiciis
1282 2256 1397 2312 nostro
1413 2241 1572 2313 daremus
1586 2255 1769 2339 praecepto
1782 2256 1815 2312 et
1829 2241 1918 2313 duos
1934 2240 2030 2338 quod

443 2362 559 2434 alodos
578 2378 779 2460 nuncupant
800 2364 953 2458 ejusdem
975 2364 1042 2435 loci
1063 2364 1204 2435 incolae.
1220 2363 1440 2462 Quapropter
1458 2368 1616 2435 omnium
1637 2363 1791 2435 fidelium
1809 2379 1946 2435 sanctae
1964 2362 2029 2435 Dei

442 2487 597 2555 acclesiae
611 2512 648 2554 ac
659 2501 852 2555 nostrorum
863 2487 996 2557 solertia
1009 2490 1195 2557 innotescat
1209 2485 1420 2583 supradictae
1433 2485 1556 2557 Adelae
1567 2489 1795 2557 commitissae
1807 2487 2029 2583 Dominoque

389 2620 419 2671 15
442 2608 688 2688 devotissimae,
705 2634 871 2680 consensu
888 2636 926 2679 ac
941 2611 1102 2705 petitione
1121 2607 1178 2677 lilii
1193 2608 1344 2679 Wilelmi
1362 2611 1495 2678 comitis
1515 2611 1691 2704 nostrique
1707 2608 1823 2705 palatii
1835 2601 1862 2659 ⁰¹
1884 2607 2028 2703 dignita·

443 2747 514 2800 turra
540 2734 717 2811 asertione,
745 2727 941 2801 concessum
968 2757 1037 2802 csse
1060 2757 1099 2801 ac
1126 2733 1317 2801 munimine
1341 2733 1446 2800 nostri
1468 2733 1638 2828 praecepti
1658 2730 1777 2802 datum
1801 2729 1917 2800 locum
1940 2726 2027 2799 infra

443 2850 562 2921 arbem
580 2857 871 2950 praenominatam
878 2848 907 2905 ll
922 2881 1001 2926 cuna
1021 2852 1182 2924 omnibus
1202 2880 1289 2950 quac
1309 2868 1379 2922 tam
1398 2856 1469 2948 ipsa
1487 2878 1594 2948 quam
1609 2848 1657 2923 ibi
1675 2852 1749 2923 Deo
1765 2851 1948 2923 militantes
1968 2866 2027 2923 aut

441 2975 610 3069 adquisitu
623 2975 775 3046 obtinent
791 2991 863 3058 aut,
885 2974 1020 3047 Christo
1036 2975 1212 3070 largiente,
1227 3000 1291 3072 pro
1305 2990 1460 3071 ternpore
1478 2974 1658 3073 adquirere
1671 2974 1848 3057 valebunt,
1863 2977 2026 3071 quatinus

445 3099 537 3166 locus
553 3096 661 3168 isdem
679 3101 775 3169 omni
792 3098 893 3194 regali
910 3101 1109 3169 auctoritate
1129 3100 1282 3168 munitus
1297 3113 1399 3194 atquc
1419 3092 1642 3194 conseptusll,
1662 3123 1705 3167 ne
1726 3100 1802 3194 quis
1819 3094 2028 3195 reipublicae

385 3256 418 3290 ,ο
440 3234 583 3301 exactor,
602 3245 701 3291 causa
718 3224 814 3316 cujus
834 3223 909 3317 piae
917 3215 953 3273 (¹)
969 3223 1203 3315 negotiationis
1210 3215 1239 3272 (⁸³
1252 3218 1476 3291 excuciendae
1484 3215 1522 3301 Μ,
1536 3244 1677 3290 normae
1697 3233 1891 3289 muctamm
1908 3244 2027 3289 mona-

439 3342 580 3411 charum
604 3341 752 3412 offendat
770 3341 956 3413 inviolabili
977 3346 1111 3413 tramite
1128 3357 1353 3439 tenoremque
1370 3368 1448 3412 suae
1469 3344 1620 3439 optineat
1637 3341 1871 3437 religiositatis.
1893 3341 2026 3413 Damus

439 3467 540 3533 otiam
558 3461 758 3560 praelibatas
773 3490 851 3534 crim
868 3462 1029 3535 omnibus
1047 3463 1088 3534 ad
1103 3490 1157 3534 eas
1170 3464 1419 3562 pertinentibus
1433 3479 1541 3535 cortes
1556 3463 1656 3546 duas,
1670 3488 1818 3562 quarum
1835 3487 1905 3533 una
1923 3462 2025 3561 Fagis

440 3601 587 3667 siccatur,
607 3584 735 3656 babens
752 3585 895 3684 capellas
913 3586 1012 3666 duas,
1036 3613 1141 3657 unam
1166 3591 1200 3657 in
1227 3587 1357 3657 bonore
1382 3590 1488 3658 sancti
1508 3586 1651 3669 Juliani,
1675 3586 1817 3657 alteram
1834 3586 1870 3655 in
1892 3584 2026 3657 bonore

437 3712 540 3779 attacti
560 3710 713 3791 Gen-asa
735 3708 838 3780 altera
858 3735 938 3779 vero
954 3735 1029 3780 cors
1045 3724 1186 3781 vocatur
1203 3708 1428 3790 Secundiaca,
1453 3734 1534 3780 cum
1559 3708 1688 3805 capella
1709 3706 1897 3780 inhonore
1917 3708 2025 3779 uncti

384 3842 414 3889 εἴ·
440 3833 526 3900 l'etn'
540 3835 573 3900 in
590 3857 676 3929 pago
690 3830 885 3913 Metulensi3
903 3847 935 3901 et
947 3830 1034 3902 duos
1047 3831 1173 3913 alodos,
1189 3857 1339 3928 quorum
1349 3857 1439 3901 unus
1450 3831 1629 3913 Vctuetus,
1643 3830 1726 3902 alter
1737 3828 1855 3901 Sartus
1868 3844 2022 3901 vocatur.

439 3952 527 4023 llam
542 3957 657 4024 omnia
675 3957 878 4050 praescripta
897 3969 964 4023 tarn
985 3957 1018 4023 in
1037 3952 1187 4024 cortibus
1205 3980 1309 4051 quam
1326 3957 1361 4023 in
1378 3953 1485 4024 alodis
1503 3953 1625 4024 damus
1645 3968 1747 4049 atque
1761 3952 1927 4049 largimur
1939 3976 2022 4023 cum

439 4075 585 4146 [mansino
604 4074 651 4145 ibi
674 4075 932 4157 famulantibus,
957 4090 1031 4145 tum
1054 4078 1156 4146 etiarn
1176 4078 1239 4173 ipsi
1261 4079 1487 4145 commitissae
1505 4074 1646 4156 Adelae,
1665 4098 1746 4145 cum
1762 4075 1883 4149 tineis,
1899 4076 2022 4171 pratis,

436 4198 497 4293 syla
506 4201 532 4266 is
542 4196 581 4277 at,
600 4201 747 4293 pascuis,
766 4202 861 4294 aquis
879 4223 1117 4295 aquarumque
1131 4197 1344 4278 decursibus,
1366 4198 1586 4279 molendinis,
1603 4195 1746 4267 exitibus
1764 4210 1798 4267 et
1817 4192 2024 4293 regressibus

436 4335 465 4389 ct
486 4324 661 4416 mancipiis
676 4324 852 4417 utriusque
870 4347 981 4403 sexus,
999 4346 1078 4391 cum
1093 4322 1187 4391 omni
1203 4323 1392 4411 integritate
1407 4321 1449 4392 ad
1466 4320 1601 4391 easdem
1619 4333 1728 4391 cortes
1745 4316 1798 4389 vel
1812 4316 1931 4389 alodos
1946 4342 2023 4415 per·

380 4464 414 4507 a·
436 4447 571 4513 tinente.
593 4442 634 4511 Et
659 4446 684 4511 si
707 4446 784 4538 quis
809 4443 921 4513 locum
947 4440 999 4511 sel
1027 4443 1072 4513 ibi
1100 4443 1170 4514 Deo
1195 4442 1376 4513 militantes
1402 4443 1892 4539 inquietarepraesumpserit,
1916 4438 2022 4511 libras

435 4568 505 4635 :arri
524 4581 660 4635 ceratum
680 4565 851 4644 nmltetur,
871 4565 1086 4636 medictatem
1109 4564 1282 4662 praedicto
1299 4568 1522 4646 monasterio,
1539 4566 1698 4635 lammae
1713 4577 1845 4634 nostrae
1861 4560 2019 4643 alteram,

434 4703 530 4786 cepto
551 4687 724 4765 desistens,
748 4704 847 4785 atquc
860 4687 1082 4758 arratlrematis
1104 4689 1218 4757 Sancti
1235 4688 1381 4784 Spiritus
1404 4702 1683 4783 sanctorumque,
1705 4698 1899 4757 sanctamm
1916 4685 2019 4755 etiam

435 4810 571 4880 liaiatur
584 4826 617 4880 et
633 4809 847 4906 ‹lannpnctun
867 4810 910 4880 Et
930 4825 968 4880 ut
992 4810 1124 4881 linnius
1141 4826 1278 4880 maneat
1298 4826 1327 4879 et
1347 4812 1382 4879 in
1401 4825 1576 4905 posterum
1595 4808 1835 4881 inconvulsum
1855 4818 2018 4887 servetur,

483 5026 498 5057 ἰ
522 5007 578 5067 Sic.
593 5042 633 5051 -
654 5005 678 5057 =⁵l²
697 5006 831 5090 Supple'e:
848 5008 900 5065 sir.
917 5042 958 5051 —
976 5006 999 5058 2‘l
1014 5004 1151 5087 Supplc'ez
1167 5028 1244 5066 rum.
1263 5041 1305 5052 -
1327 5002 1354 5058 ¹³³)
1369 5004 1416 5066 Sir
1431 5004 1497 5065 dara
1520 5004 1557 5072 C,·
1574 5007 1647 5064 mais
1665 5003 1739 5064 RB'.
1758 5000 1891 5085 Coniyn
1907 5002 2017 5085 magis,

433 5131 534 5169 «tommo
547 5108 674 5192 l'indiqsse
687 5108 824 5170 d'aillesrs
836 5110 872 5171 ll.
885 5143 928 5155 -
944 5109 968 5161 l‘l
989 5109 1047 5170 Sic.
1064 5144 1106 5155 -
1122 5104 1150 5161 (r)
1172 5107 1347 5170 lattisscebat
1363 5108 1395 5170 C.
1409 5145 1452 5155 -
1469 5106 1496 5162 ill
1512 5106 1663 5169 Willelmo
1674 5108 1711 5169 B.
1727 5140 1768 5157 -
1778 5103 1810 5161 (a)
1827 5104 1897 5169 llm'
1913 5102 1962 5167 Π.
1974 5136 2018 5153 -

434 5224 446 5248 ’·
478 5213 627 5294 tiniasque
646 5212 677 5272 C.
697 5251 702 5257 -
724 5250 735 5257 -
759 5211 782 5263 'l'
806 5211 907 5296 palacii
923 5210 954 5273 C.
977 5246 1020 5259 -
1041 5210 1065 5264 ῃ)
1087 5215 1342 5296 praenominatum
1357 5212 1430 5273 RB'.
1446 5247 1489 5260 -
1509 5210 1532 5265 (¹5
1546 5209 1683 5295 Suppltisz
1695 5212 1742 5273 sit.
1760 5244 1806 5259 -
1823 5204 1861 5265 Η
1880 5204 1930 5273 St
1945 5228 2018 5291 μιν

434 5316 519 5398 liujus
536 5316 611 5399 piac.
626 5351 668 5362 -
687 5320 711 5367 '¹¹1
735 5316 955 5397 negociatticuis
975 5314 1007 5377 C.
1026 5351 1068 5363 -
1089 5314 1113 5367 l‘l
1136 5315 1313 5376 exesaciendo
1328 5314 1361 5377 C.
1377 5348 1418 5363 -·
1442 5314 1469 5369 tp)
1482 5312 1558 5374 silvis
1577 5312 1610 5375 C.
