5084 6434
475 725 587 825 [95⁶]
1132 723 1407 796 notariae
2014 729 2059 801 re

475 920 670 976 nostrorum
691 904 869 999 privilegiis
893 902 984 983 fulti,
1009 906 1101 1000 regio
1125 926 1222 973 more
1244 906 1385 973 utimur.
1409 902 1516 996 lgitur
1537 919 1660 975 notum
1682 907 1725 975 sit
1745 909 1907 976 univerds
1928 923 2061 978 saumae

475 1030 591 1098 matris
611 1026 769 1096 eeclesiae
791 1025 869 1095 liliis
890 1040 961 1095 tarn
982 1023 1215 1121 praesentibus
1230 1048 1336 1121 quarn
1356 1024 1479 1095 luntris
1498 1030 1579 1122 quia
1597 1031 1734 1098 accessit
1751 1025 1918 1099 Bemerus
1937 1027 2058 1108 abbas,

474 1154 533 1246 qui
557 1149 659 1219 cellae
682 1146 932 1217 Humolariensi
954 1161 1101 1244 praeest,
1126 1160 1277 1217 nostram
1299 1146 1477 1217 humiliter
1498 1173 1638 1218 exorans
1660 1150 1875 1220 clementiam
1905 1162 1944 1221 ut
1968 1150 2060 1222 idem

474 1269 698 1351 coenobium,
718 1275 752 1339 in
768 1269 899 1340 honore
909 1283 1042 1339 sanctae
1054 1270 1117 1340 Dei
1131 1272 1302 1365 genitricis
1314 1285 1347 1339 et
1364 1295 1498 1366 semper
1515 1274 1650 1365 virginis
1665 1270 1792 1341 Mariae
1809 1287 2058 1356 constructum,

475 1397 545 1472 cui,
560 1407 598 1462 ut
615 1391 778 1469 diximus,
794 1406 940 1488 pram,
957 1394 1165 1462 auctoritatis
1174 1387 1202 1443 (⁸³
1220 1406 1355 1461 nostrae
1366 1396 1560 1462 munimine
1572 1388 1787 1474 rmaretmlll,
1801 1393 1895 1491 quod
1909 1393 2062 1466 videlicet
2100 1407 2116 1459 5

477 1521 530 1614 pia
552 1519 656 1585 nostri
680 1519 837 1607 genitoris
860 1515 1037 1585 clementia
1060 1512 1104 1583 ad
1127 1514 1276 1585 melioris
1297 1519 1381 1584 ritae
1399 1514 1549 1586 studium
1567 1520 1640 1610 jam
1658 1532 1735 1586 ante
1756 1515 1862 1587 fuerat
1878 1518 2059 1588 relevatum

477 1665 610 1708 necnon
628 1640 723 1734 signo
742 1638 851 1731 regiae
869 1634 1124 1733 subscriptionis
1141 1637 1331 1717 munitum,
1355 1634 1422 1707 lroc
1440 1634 1531 1707 idern
1552 1636 1644 1735 apud
1665 1641 1778 1734 ipsum
1802 1637 2061 1736 impetrantibus

476 1765 602 1831 comite
618 1757 800 1830 Adalberto
813 1787 851 1829 ac
866 1756 1048 1830 venerabili
1060 1761 1132 1829 viro
1147 1756 1313 1839 Bilberto,
1327 1762 1402 1854 qui,
1416 1757 1571 1829 eanrdem
1586 1758 1758 1830 abbatiam
1775 1785 1855 1831 cum
1871 1763 1966 1831 omni
1983 1764 2061 1832 inte

476 1886 594 1976 gritate
615 1882 660 1954 ob
682 1908 834 1953 amorem
858 1882 919 1952 Dei
940 1882 1183 1978 omnipotentis
1205 1894 1237 1950 et
1257 1905 1396 1951 suarum
1421 1880 1609 1952 remedium
1631 1884 1823 1952 animarum
1848 1899 1980 1953 sanctae
1999 1883 2061 1954 Dei

478 2008 635 2102 genetrici
648 2002 776 2074 Mariae
791 2019 823 2074 ct
838 2019 971 2074 sanctae
986 2001 1196 2099 Hunegundi
1207 2000 1403 2083 reddentes,
1421 2007 1496 2099 piae
1508 2008 1691 2075 memoriae
1707 2009 1810 2101 patris
1829 2006 1935 2074 nostri
1953 2009 2060 2075 mani-
2087 2046 2119 2079 ,ο

478 2126 543 2197 bus
560 2124 787 2207 tradiderunt,
808 2141 975 2223 quatenus
996 2124 1156 2197 monachi
1176 2123 1261 2195 inibi
1282 2125 1478 2221 regulariter
1497 2131 1644 2197 viventes
1659 2126 1787 2224 absque
1804 2128 1873 2198 ulla
1887 2126 2061 2225 perturba-

478 2251 568 2320 tione
584 2250 645 2320 soli
664 2248 735 2320 Deo
750 2248 934 2319 militarent
943 2244 985 2318 ul.
997 2247 1065 2320 sed
1076 2251 1156 2345 quia
1168 2251 1322 2344 repetitio
1335 2248 1548 2320 confirmatio
1562 2265 1624 2329 est,
1643 2276 1712 2319 non
1728 2248 1771 2320 ab
1786 2247 1855 2320 rel‘l
1870 2249 1941 2320 lieri
1957 2248 2062 2320 credi-

478 2398 555 2442 mus
573 2375 615 2453 si,
638 2370 800 2468 praedicti
816 2367 947 2442 abbatis
964 2369 1221 2467 multorumque.
1237 2371 1471 2464 religiosorum
1491 2371 1741 2442 monachorum
1761 2370 2063 2468 supplicationibus

478 2497 589 2573 eiicti,
607 2518 726 2566 eorum
742 2491 964 2591 petitionibus
978 2518 1152 2563 assensum
1165 2492 1379 2588 praebemus.
1393 2492 1500 2582 Quod
1512 2490 1620 2563 lacere
1633 2494 1865 2574 decernentes,
1883 2493 2026 2565 eandem
2035 2490 2065 2546 μ]

477 2614 648 2687 abbatiam
672 2615 800 2713 absque
824 2616 889 2686 ulla
913 2614 1140 2686 diminutione
1163 2612 1277 2685 abbati
1300 2640 1380 2685 cum
1404 2614 1578 2685 monachis
1602 2615 1787 2687 virentibus
1810 2618 2006 2711 regulariter
2029 2620 2062 2687 in
2089 2630 2119 2682 15

479 2753 681 2834 perpetuum
710 2734 902 2808 habendam
932 2739 1159 2807 concessimus
1184 2753 1300 2833 atque,
1323 2736 1589 2807 excellentissimi
1613 2742 1772 2830 genitoris
1799 2743 1903 2810 nostri
1929 2742 2063 2833 vestigia

478 2875 670 2956 sequentes,
684 2860 867 2955 praelatam
882 2853 1113 2930 auctoritatem
1123 2855 1482 2954 llpraeceptonostrac
1495 2863 1666 2954 potcstatis
1676 2856 1889 2931 corroborari
1901 2864 2065 2957 jussimus

479 2997 662 3079 nostroque
677 2983 805 3052 annulo
823 2983 1041 3078 signavimus,
1057 2996 1110 3060 ut,
1129 2983 1155 3051 si
1170 2982 1247 3078 quis
1262 2979 1374 3052 eidem
1392 2981 1495 3051 cellae
1511 2981 1624 3051 villam
1641 2997 1698 3053 aut
1716 3007 1874 3053 mansum
1891 2985 1957 3053 sive
1974 3010 2063 3052 earn-

478 3131 562 3201 pum
582 3103 777 3175 subtrahere
794 3105 951 3184 soluerit,
970 3106 1139 3200 inprimis
1158 3105 1402 3200 omnipotentis
1423 3101 1485 3175 Dei
1501 3106 1586 3174 iram
1606 3109 1768 3186 incurrat,
1786 3104 1909 3175 deinde
1925 3120 2062 3175 eentum

477 3229 552 3299 auri
567 3226 669 3297 libras
687 3227 852 3322 persolvat
870 3241 902 3296 et
917 3223 960 3297 ab
974 3230 1067 3296 omni
1085 3228 1293 3322 possessione
1310 3223 1458 3322 privatus
1476 3240 1591 3296 nostro
1608 3251 1711 3323 regno
1728 3227 1802 3298 exul
1820 3222 1920 3297 sratl'l.
2087 3248 2122 3284 ¹0

1261 3566 1288 3632 x

1055 3734 1124 3804 956.
1141 3753 1156 3803 7
1172 3733 1319 3786 norembre.
1334 3764 1371 3772 -
1388 3731 1489 3805 'ir-osis.

532 3896 697 3977 briaae,
718 3901 735 3965 ri
758 3897 907 3991 luprib‘e
923 3893 961 3965 da
977 3921 1033 3965 son
1040 3893 1154 3990 fidite,
1171 3894 1200 3964 le
1214 3906 1313 3966 coare
1327 3894 1461 3966 Rertoud
1481 3894 1533 3987 (de
1548 3894 1686 3992 llouty),
1703 3909 1800 3965 atsur
1815 3897 1849 3966 lu
1862 3895 2014 3968 &mame
2028 3897 2066 3967 do

481 4019 600 4098 Herae,
622 4018 699 4088 abbe
716 4018 755 4088 du
777 4025 949 4087 monastero
966 4015 1005 4086 de
1022 4016 1289 4086 Satur-Philitae
1307 4015 1345 4084 de
1369 4017 1525 4097 Tamaris,
1544 4018 1691 4113 conjirme
1713 4017 1754 4086 les
1771 4022 1952 4113 pmsessiorrs
1972 4033 2001 4089 et
2023 4022 2064 4090 les

477 4141 640 4239 prodiga
655 4140 800 4211 accorddr
816 4139 903 4212 audit
920 4146 1093 4210 marusim
1108 4166 1169 4235 por
1185 4138 1435 4235 Cdarleatogae,
1453 4140 1547 4210 Locis
1561 4138 1598 4210 ll
1614 4153 1644 4211 et
1659 4140 1754 4211 Leuis
1771 4142 1788 4212 l
1795 4141 1829 4212 l'.
2088 4171 2122 4223 ‚5

481 4327 518 4387 Α.
542 4326 676 4409 Original
698 4325 798 4411 perdar⁸

523 4504 548 4556 Μ
570 4505 752 4565 authoritatis
766 4507 797 4566 C.
812 4541 852 4550 -
867 4506 893 4554 o)
916 4516 1058 4565 tutaretur
1067 4505 1175 4586 corrige
1185 4526 1216 4562 err
1233 4503 1444 4569 tutaremurC,¹
1461 4515 1529 4563 cette
1542 4506 1691 4564 ranserias
1703 4517 1741 4564 esr
1756 4506 1944 4565 certainnrerrt
1960 4509 2063 4588 conjec-

481 4609 568 4668 rmla
585 4609 688 4669 da'ae
706 4631 756 4691 pas
776 4607 930 4668 ahmin.
944 4640 988 4656 -·
1007 4607 1031 4657 (‹)
1054 4607 1107 4667 aba
1120 4629 1153 4667 re
1172 4607 1203 4666 C.
1223 4642 1265 4653 -
1282 4603 1311 4659 (a)
1332 4605 1467 4667 eandem
1482 4608 1513 4667 (’.
1532 4642 1571 4652 ·-
1587 4609 1612 4658 Μ
1634 4607 1842 4669 nrtboeitatem
1862 4610 1895 4667 C.
1915 4643 1954 4655 -—
1969 4606 1993 4660 ra
2016 4609 2066 4670 las

480 4708 2068 4795 mipfirmstlsddersqntharsscrtl'upeut,psrcoetrr,rrdmadaedlefled·ludmiin

478 4812 2065 4899 fhuldqdrlnmrutsiqublnmtitupasmdditinduuoepiarhcnubinpri·

482 4919 1061 5002 nitifidssuplasd'oetsterrtdiu
1085 4919 1627 5001 umutpmdtrspuprm
1652 4930 1710 4979 tut
1734 4919 2068 5003 risuitmuusn·

478 5024 626 5106 prr-h

525 5218 1236 5305 “ttadptamtetmervetptrttaum
1311 5218 2069 5306 p.605,n·mr.sutmrtt.taoerttarepda

482 5322 509 5382 le
534 5323 645 5384 licendi
663 5323 709 5383 des
732 5323 870 5382 lristorim
892 5324 926 5383 de
947 5322 973 5382 lu
997 5323 1117 5391 Fam,
1137 5334 1160 5385 t
1180 5322 1236 5394 ΙΧ.
1313 5321 1851 5410 Minima-mptum.
1870 5325 2068 5405 ubilat&

1899 5468 1932 5524 l.
