5084 6434
427 725 537 825 [9st]
1085 723 1359 797 tornatae.
1986 726 2009 797 s

423 906 580 977 fidelium
596 912 798 976 noseorum
815 904 1043 994 petitionibus
1058 912 1095 975 el
1109 904 1275 995 precipue
1291 902 1320 981 pa
1337 904 1380 974 ad
1399 905 1594 1000 religionem
1611 919 1712 1000 atque
1730 907 2007 973 restaurationem

424 1043 557 1097 sanctae
569 1026 705 1117 ecclesie
722 1024 968 1123 pertinentibus
983 1051 1156 1097 assensum
1169 1025 1331 1123 praebere
1345 1025 1488 1119 dignum
1505 1051 1575 1097 esse
1585 1026 1783 1107 dinoscitur,
1798 1040 1919 1096 notum
1936 1024 2008 1096 lieri

423 1150 582 1220 volumus
599 1148 760 1219 omnibus
778 1146 935 1219 lidelibus
952 1150 1073 1218 nostris
1090 1163 1161 1219 tam
1177 1146 1390 1245 presentibus
1407 1174 1512 1246 quam
1538 1165 1571 1220 et
1592 1147 1715 1220 futtub
1736 1148 1879 1246 qualiter
1901 1147 2009 1220 fidelis

424 1287 536 1342 noster
565 1270 725 1343 Arnullus
748 1295 862 1341 comes
881 1297 920 1341 ac
938 1269 1026 1341 lilius
1055 1273 1128 1367 ejus
1154 1269 1341 1342 baldoinus
1360 1287 1509 1342 nostram
1538 1271 1694 1344 adierunt
1720 1270 1936 1342 clementiam
1965 1271 2009 1341 de

423 1394 573 1492 quodam
599 1394 627 1471 l³
650 1396 870 1474 monasterio,
890 1396 924 1464 in
954 1396 1028 1464 vico
1051 1392 1214 1465 Gandavo
1236 1396 1362 1489 posito,
1377 1392 1436 1464 ubi
1463 1394 1562 1488 Legio
1582 1409 1615 1464 et
1631 1392 1744 1465 Scaltlr
1765 1392 1908 1464 flumina
1928 1418 2009 1464 con·
2047 1411 2065 1462 s

423 1514 549 1595 fluunt,
575 1515 757 1585 inhonore
777 1517 884 1586 sancti
905 1511 996 1585 Petri
1017 1529 1266 1596 constructum,
1286 1518 1320 1584 in
1339 1541 1409 1611 quo
1431 1519 1532 1585 etiam
1550 1531 1684 1586 sanctus
1703 1514 1793 1587 Bavo
1813 1517 2008 1611 incorpore

422 1640 565 1735 quiescit
577 1637 754 1718 humatus,
775 1640 873 1733 quus
890 1661 1028 1735 quoque
1050 1653 1205 1734 tempore
1226 1636 1439 1735 aliorumque
1459 1638 1693 1733 religiosorum
1716 1640 1869 1708 virorum
1892 1635 2007 1732 religio

422 1774 454 1831 et
471 1758 631 1855 regularis
649 1758 734 1830 ordo
752 1757 879 1830 ibidem
898 1774 1047 1830 servatus
1064 1757 1165 1829 lirisse
1182 1775 1408 1839 memoratur,
1431 1760 1464 1836 pt
1483 1776 1594 1830 nostra
1613 1762 1808 1830 auctoritate
1825 1759 2007 1829 voluntatis

422 1908 481 1952 sue
505 1881 721 1953 devotionem
745 1880 952 1954 confirmari.
975 1880 1055 1952 Erat
1077 1884 1178 1977 igitur
1202 1880 1293 1952 idem
1317 1881 1411 1953 locus
1435 1882 1549 1952 multis
1573 1879 1786 1978 temporibus
1803 1896 1872 1951 tarn
1895 1884 2006 1951 incur-

422 2007 515 2074 sione
545 2028 756 2100 paganorum
787 2029 892 2101 quam
921 2006 1113 2075 incursione
1145 2019 1178 2074 ct
1210 2004 1417 2100 neglegentia
1451 2004 1672 2075 incolentium
1712 2004 1862 2075 desertus
1897 2019 1929 2073 et
1970 2007 2004 2073 in
2031 2040 2063 2074 to

422 2125 638 2198 solitudinem
668 2125 821 2197 redactus
845 2141 878 2196 et
903 2151 990 2223 pene
1019 2124 1249 2198 inhabitabilis
1276 2125 1411 2197 effectus
1437 2129 1473 2196 in
1500 2141 1633 2197 tantum
1666 2142 1702 2197 ut
1737 2130 1788 2196 vix
1819 2127 2004 2223 quicquam

426 2247 577 2326 t³divini
598 2247 700 2319 officii
721 2249 794 2320 Deo
817 2246 902 2319 inibi
923 2247 1179 2347 persolveretur.
1203 2247 1320 2319 Postea
1344 2274 1438 2329 vero,
1458 2252 1703 2320 ammonitione
1721 2246 1920 2319 venerabilis
1941 2252 2004 2318 viri

421 2371 563 2443 Gerardi
595 2370 740 2451 abbatis,
769 2372 896 2469 placuit
927 2375 958 2441 ei
988 2370 1135 2442 eundem
1168 2387 1351 2441 restaurare
1383 2371 1498 2443 locum
1526 2387 1558 2441 et
1585 2371 1757 2468 quendam
1785 2371 2003 2441 alumnorum

421 2493 572 2591 eJusdem
592 2493 750 2576 Gerardi,
770 2494 962 2589 religiosum
982 2493 1135 2564 videlicet
1155 2497 1266 2563 virum
1287 2495 1328 2563 W
1331 2520 1488 2564 omarum
1496 2491 1531 2574 l'l,
1551 2492 1709 2564 abbatem
1728 2494 1883 2565 ordinare
1903 2509 2004 2589 atque

420 2616 607 2686 monachos
641 2619 700 2712 qui
728 2616 880 2711 regulam
906 2619 1010 2686 sancti
1041 2616 1212 2686 Benedicti
1247 2616 1280 2692 l⁶
1308 2614 1523 2687 observarent
1549 2642 1762 2710 congregare.
1793 2613 1873 2705 Quo
1904 2619 2003 2685 etiam
2030 2625 2060 2677 ιδ

421 2738 458 2807 'ra
470 2738 560 2818 loco,
579 2753 745 2809 transacto
759 2742 831 2835 jam
850 2763 940 2808 anno
955 2737 1192 2819 ordinationis,
1215 2738 1426 2834 supradictus
1441 2739 1623 2809 Womanas
1634 2733 1662 2789 (a)
1679 2738 1850 2834 religiosos
1867 2736 2005 2809 abbates

420 2863 635 2940 aroessciens,
649 2859 803 2931 videlicet
819 2860 1063 2956 Sagenaldum,
1075 2861 1265 2932 Gorziensis
1280 2859 1435 2931 coenobii
1454 2857 1627 2939 abbatem,
1648 2858 1865 2931 Hunbertum
1884 2863 2002 2938 etiam,

420 2985 628 3078 provisorem
661 2981 817 3054 coenobii
849 2986 952 3053 sancti
988 2982 1070 3078 Apri
1103 3008 1235 3053 necnon
1267 2999 1301 3053 et
1335 3009 1394 3073 sue
1426 2980 1563 3052 ditionis
1596 2979 1735 3051 abbates
1767 2982 2001 3078 quamplures,

420 3103 453 3173 irl
491 3118 539 3174 est
579 3104 613 3179 l⁷
649 3102 920 3175 llildebrandnm
933 3101 958 3155 l‘l
992 3119 1093 3201 atque
1130 3104 1311 3176 bedricum
1351 3119 1545 3201 ceterosque
1584 3119 1718 3174 sanctae
1762 3103 1825 3176 Dei
1867 3104 2003 3194 ecclesie

420 3224 605 3322 adjutores,
626 3252 774 3322 quorum
799 3230 957 3296 instinctu
978 3242 1009 3296 et
1030 3227 1260 3297 exhortatione
1286 3242 1452 3307 nostram,
1474 3241 1510 3296 ut
1526 3226 1638 3297 dicere
1659 3224 1910 3306 inchoavimus,
1930 3230 2002 3321 jum
2026 3262 2060 3297 so

420 3347 527 3418 dictus
545 3374 659 3418 comes
680 3348 835 3445 filiusque
861 3353 931 3443 ejus
954 3349 1109 3420 adierunt
1132 3348 1362 3429 clementiam,
1384 3349 1610 3445 supplicantes
1633 3348 1748 3419 litteris
1771 3364 1902 3419 nostrae
1928 3375 2004 3419 auc

422 3472 560 3540 toritatis
584 3475 627 3540 ita
650 3471 731 3551 hoc,
756 3469 849 3567 quod
875 3475 944 3567 ipse
971 3474 1163 3540 exsemine
1189 3474 1431 3567 omnipotentis
1455 3470 1516 3541 Dei
1544 3471 1577 3546 l⁸
1599 3469 1663 3540 sub
1682 3470 1884 3572 professione
1911 3475 2002 3541 insti·

423 3595 560 3662 tutionis
578 3596 681 3663 sancti
699 3592 869 3665 Benedicti
893 3592 1053 3663 inchoare
1077 3592 1214 3670 lecerat,
1232 3590 1462 3674 conoboruri,
1482 3608 1649 3689 qnatenus
1670 3619 1732 3689 per
1749 3593 2002 3664 succedentium

419 3739 589 3784 annonam
607 3716 772 3785 curricula
793 3714 905 3786 nullus
922 3730 1055 3786 sanctae
1075 3717 1135 3785 net
1154 3715 1292 3806 ecclesie
1313 3716 1501 3786 inlidelium
1518 3730 1635 3785 contra
1654 3714 1720 3785 boc
1738 3741 1797 3785 sue
1817 3714 2004 3786 devotionis

419 3835 671 3934 affectionisque
687 3862 773 3933 opus
790 3840 988 3931 insurgeret,
1008 3837 1064 3906 sed
1085 3837 1175 3908 idem
1196 3837 1290 3907 locus
1308 3842 1402 3907 omni
1421 3854 1574 3933 tempore
1593 3840 1626 3905 in
1642 3852 1804 3932 potestate
1823 3835 1953 3906 abbatis
1972 3853 2002 3906 et
2026 3846 2058 3897 ¹5

419 3956 561 4028 fratrum
584 3957 736 4054 ejusdem
758 3958 822 4030 loci
846 3973 1082 4056 perseveraret.
1103 3958 1266 4038 t01'nde,
1286 3958 1403 4056 prelati
1424 3984 1559 4039 sarnus,
1577 3956 1831 4028 rationabilibus
1850 3958 2000 4028 fidelium

420 4078 638 4176 petitionibus
664 4098 866 4160 annuentes,
896 4081 1125 4163 decernimus,
1148 4079 1311 4175 jubemus
1343 4085 1499 4178 regiaque
1534 4078 1763 4151 munificentia
1796 4084 2003 4178 precipimus

419 4217 586 4299 quatenus
598 4202 689 4275 idem
706 4203 914 4299 sepedictum
934 4207 1176 4274 monasterium
1192 4203 1367 4274 monacbis
1383 4203 1465 4275 inibi
1481 4204 1631 4275 Domino
1644 4203 1832 4274 sectandum
1853 4202 2002 4298 regulam

418 4328 524 4394 arreti
543 4324 713 4396 benedicti
732 4324 954 4396 militantibus
973 4325 1123 4396 uadatus
1140 4325 1344 4397 servandum
1360 4342 1392 4396 et
1411 4331 1445 4396 in
1462 4341 1664 4423 perpetuum
1681 4328 1729 4399 l¹⁰
1742 4325 2000 4421 possidendum,

419 4447 464 4516 ita
478 4461 517 4516 ut
528 4445 616 4516 licite
630 4463 660 4516 et
676 4446 803 4544 absque
819 4447 920 4517 ullius
935 4447 1200 4519 contradictione
1216 4464 1285 4519 tam
1300 4448 1343 4518 ‹le
1359 4448 1460 4518 rebus
1475 4447 1626 4542 ejusdem
1642 4447 1707 4517 loci
1721 4473 1826 4544 quarn
1843 4451 2000 4517 omnium
2023 4464 2058 4516 so

417 4566 461 4639 ad
486 4568 633 4639 eundem
656 4573 896 4666 pertinentium
924 4569 1088 4666 quicquid
1116 4567 1367 4647 rationabiliter,
1392 4574 1617 4665 oportunitate
1648 4574 1809 4665 temporis
1838 4570 2000 4648 dictante,

412 4691 509 4782 juxta
521 4695 752 4761 auctoritatem
767 4717 887 4761 norme
897 4696 1033 4788 proprie
1044 4690 1259 4789 professionis
1271 4690 1379 4762 lacere
1394 4690 1629 4769 decreverimt,
1641 4707 1786 4787 potestas
1798 4696 1846 4759 eis
1859 4694 2002 4761 omnino

416 4825 519 4910 atque
531 4812 699 4883 licentiam
710 4808 737 4863 to
758 4814 803 4888 l¹¹
816 4816 904 4907 regia
923 4817 1118 4884 auctoritate
1136 4813 1352 4885 concedatur.
1372 4811 1526 4883 Habeant
1543 4837 1621 4881 sane
1640 4827 1838 4910 potestatem
1857 4813 2002 4904 eligendi

417 4927 575 5005 abbatem
595 4935 798 5030 regulariter,
815 4961 1068 5034 quemcumque
1092 4936 1265 5032 elegerint,
1288 4939 1330 5006 ita
1351 4949 1463 5006 tannen
1480 4950 1517 5006 ut
1534 4934 1587 5005 lais
1610 4938 1669 5033 qui
1697 4937 1730 5004 in
1758 4937 1903 5032 presenti
1920 4950 2002 5006 tem-

418 5080 500 5152 pore
525 5055 677 5154 ejsudem
702 5056 856 5130 coenobii
882 5062 1032 5154 ministr
1057 5057 1252 5155 aequame-
1273 5061 1454 5155 suscepisse
1480 5058 1677 5139 dinoscitur,
1702 5056 1852 5127 domnus
1877 5058 2002 5130 scilicet
2025 5078 2059 5130 ts

459 5212 485 5264 Η
508 5214 677 5274 Womsrom
705 5215 786 5274 m'err't
810 5237 859 5274 aar
881 5235 916 5275 m
942 5227 997 5274 not
1016 5215 1173 5298 praeti-
1195 5214 1222 5267 pr
1244 5214 1399 5275 tvaim
1418 5215 1632 5284 erinium
1651 5213 1878 5299 pum,
1896 5237 1946 5277 ser
1964 5238 2003 5277 att

416 5329 470 5373 not
488 5317 586 5399 prend.
604 5351 646 5365 -
661 5318 687 5369 l'l
711 5318 797 5399 spe
813 5317 1060 5388 ll'vldebrsndurtt,
1074 5340 1111 5377 aa
1125 5330 1179 5377 not
1193 5319 1293 5398 ytoud
1305 5353 1349 5366 -
1361 5317 1390 5371 p,
1410 5318 1469 5381 Sic.
