5084 6434
435 786 439 789 „
481 720 592 821 [982]
1137 718 1413 791 tornatae.
1993 721 2063 792 roa

565 920 593 982 p.
607 899 685 981 rigi,
698 896 812 981 d'apres
824 895 852 957 le
868 894 1020 957 carttdaice
1040 896 1077 958 da
1091 896 1149 957 l'an
1166 895 1255 964 1546.
1273 932 1315 943 -
1328 896 1364 956 li.
1386 896 1475 980 Copie
1489 895 1531 956 du
1543 905 1615 956 xvir·
1631 918 1668 963 s..
1684 894 1888 978 bibliotheque
1903 895 2062 966 nationale,

565 1024 617 1061 ms.
634 999 684 1061 lat.
707 1021 824 1083 12700,
838 999 886 1062 tot.
904 1000 973 1069 155,
991 1001 1104 1086 d'npres
1121 999 1148 1061 le
1167 999 1319 1061 cartulaire
1336 1000 1373 1060 de
1386 999 1444 1059 l'an
1462 999 1606 1067 15d6.-
1627 999 1660 1059 F.
1683 997 1773 1083 Copie
1792 998 1917 1060 durrat·
1940 1023 1976 1069 s.,
1992 999 2065 1059 dans

565 1103 659 1187 llesl),
673 1104 791 1163 Preaces
802 1105 1017 1186 (manuscrites)
1034 1103 1067 1163 de
1077 1103 1204 1164 {histoire
1213 1102 1258 1164 des
1269 1115 1367 1163 comtos
1377 1102 1410 1163 de
1425 1102 1555 1171 Poictorr,
1571 1101 1625 1162 sol.
1644 1123 1670 1171 r,
1685 1101 1889 1186 Bibliotheque
1903 1101 2064 1171 nationale,

565 1231 617 1266 rns.
633 1206 683 1266 lat.
699 1206 791 1290 6007.
806 1204 855 1267 iol.
874 1208 941 1268 135.
958 1241 999 1254 --
1014 1207 1051 1267 G.
1065 1206 1154 1292 Copie
1168 1206 1208 1266 du
1222 1215 1293 1267 arri·
1309 1230 1346 1277 s.,
1367 1204 1569 1290 bibliotheque
1588 1204 1749 1274 nationale,
1767 1204 1927 1266 Collection
1948 1205 2063 1291 Dupuy.

564 1308 619 1369 sol.
634 1310 707 1379 841,
721 1308 769 1369 tot.
792 1309 858 1376 rati,
874 1309 987 1394 d'apres
1002 1308 1029 1369 le
1043 1308 1167 1370 vidimus
1179 1308 1217 1370 de
1234 1308 1356 1369 l'incent
1368 1309 1405 1369 de
1420 1307 1628 1369 Maisoncelles.
2105 1321 2121 1372 5

477 1513 505 1550 o.
528 1489 623 1572 Bady,
637 1488 761 1550 Histoire
772 1488 817 1550 des
832 1501 929 1549 comtes
942 1488 976 1549 dr
991 1489 1122 1557 Poictoa,
1135 1490 1267 1556 Pnuoes,
1286 1512 1314 1573 p.
1329 1491 1400 1560 abr,
1420 1488 1533 1573 d'apces
1546 1488 1578 1549 F.
1601 1524 1642 1533 —
1658 1488 1684 1547 b.
1707 1488 1953 1556 Salate-Martha,
1973 1487 2064 1548 Gallio

564 1592 727 1661 christiana,
746 1602 766 1651 t.
784 1593 830 1660 lV,
845 1614 874 1675 p.
888 1593 965 1676 879,
986 1592 1099 1677 d’apres
1112 1592 1145 1653 F.
1159 1627 1200 1638 -
1218 1614 1243 1652 c.
1269 1590 1364 1651 Gallia
1382 1592 1543 1660 christiana,
1565 1603 1586 1650 t.
1607 1591 1645 1663 ll,
1662 1592 1852 1660 instromenta,
1870 1590 1925 1651 col.
1941 1590 2065 1651 361.-

564 1693 590 1754 d.
606 1695 719 1755 liceuril
728 1695 774 1755 des
786 1695 926 1755 historiens
939 1695 971 1755 de
993 1696 1019 1754 la
1032 1695 1155 1765 Frarrcc,
1168 1707 1188 1756 t.
1204 1696 1257 1762 IX,
1272 1717 1300 1779 p.
1313 1694 1384 1766 651,
1402 1703 1432 1754 n·
1445 1715 1544 1765 nasta,
1558 1693 1671 1779 d'apres
1689 1693 1723 1755 D.

479 1875 571 1945 lanto.
590 1898 596 1932 :
617 1873 771 1944 Malrillon,
790 1875 912 1934 Annales
928 1875 1030 1934 ordinis
1044 1875 1075 1935 S.
1099 1875 1254 1943 Benedicti,
1274 1874 1376 1943 XLVl,
1396 1872 1451 1941 63,
1471 1884 1491 1933 t.
1509 1873 1561 1943 ΙΙΙ,
1586 1896 1615 1957 p.
1634 1872 1706 1934 561.
1724 1910 1767 1919 -
1785 1873 1961 1957 Brcquigny,
1984 1873 2065 1934 Tulle

563 1976 782 2060 clamnologique,
799 1987 822 2038 t.
841 1976 866 2046 l,
885 2001 915 2061 p.
929 1977 1002 2044 [165.
1015 2012 1057 2024 -
1074 1977 1181 2048 Redet,
1205 1976 1287 2038 Tulle
1303 1977 1347 2037 des
1369 1978 1527 2037 manuscrits
1541 1975 1575 2037 de
1588 1975 1659 2035 Dora
1678 1975 1830 2036 Fonteaoou
1849 1974 1982 2036 consecre's
2000 1981 2017 2036 ri
2036 1977 2062 2035 la
2090 1999 2121 2033 ro

564 2078 752 2161 tribuantque
769 2077 802 2138 dr
822 2081 939 2140 Poitr'ers
957 2079 1117 2162 (Mimoires
1136 2078 1169 2140 de
1189 2081 1216 2141 la
1233 2079 1341 2142 Sociite'
1357 2078 1403 2139 des
1422 2080 1588 2159 antiquaires
1604 2080 1638 2138 dr
1656 2078 1776 2147 iOasst,
1792 2090 1812 2138 t.
1825 2079 1891 2160 lt'),
1910 2103 1936 2162 p.
1959 2081 2008 2140 31.
2023 2118 2063 2125 —

564 2181 663 2242 Alsred
681 2181 820 2253 Richard,
837 2182 957 2243 Histoire
971 2183 1017 2242 des
1031 2197 1129 2243 comtes
1144 2182 1177 2243 de
1193 2183 1307 2250 Poitoa,
1324 2194 1345 2244 t.
1361 2183 1401 2252 ll,
1419 2206 1446 2266 p.
1463 2182 1525 2248 llio
1538 2194 1567 2241 et
1580 2183 1650 2242 snit.

531 2381 569 2450 ln
583 2384 721 2451 nomine
735 2398 867 2453 sanctae
882 2396 914 2451 et
927 2383 1121 2453 individuae
1131 2382 1315 2453 Trinitatis.
1332 2381 1527 2461 Lotbacius,
1542 2382 1654 2452 divina
1667 2381 1844 2451 ordinante
1854 2382 2062 2477 providentia

478 2529 534 2573 rea
551 2504 772 2573 Francorum.
788 2502 997 2600 Specialibus
1017 2508 1250 2601 cujuscunque
1274 2505 1427 2575 lideliunr
1455 2518 1649 2573 nostrorum
1668 2507 1776 2572 causis
1794 2508 1966 2599 inspectis,
1986 2502 2063 2574 sub

480 2625 686 2694 veniendum
706 2652 775 2694 esse
791 2626 908 2721 regalis
924 2629 1102 2696 auctoritas
1117 2640 1297 2705 monstrat,
1319 2640 1447 2721 quanto
1468 2629 1574 2719 nragis
1602 2626 1645 2696 ad
1669 2623 1817 2695 debitam
1842 2625 2063 2717 generalitatis
2089 2639 2119 2690 ι5

479 2748 725 2842 proridentiam
741 2773 890 2844 aequum
908 2749 1119 2844 dignumque.
1132 2751 1291 2843 pertinet.
1310 2762 1346 2818 ut
1361 2747 1518 2817 ecciesiae
1533 2746 1714 2817 catholicae
1728 2763 1829 2842 atque
1842 2747 2060 2843 apostolicae,

478 2894 581 2965 quam
597 2868 749 2939 Christus
762 2896 824 2939 suo
840 2874 1011 2965 praecioso
1028 2873 1187 2963 sangnrine
1204 2870 1345 2940 redemit
1365 2895 1509 2964 eamque
1525 2867 1637 2947 nobis,
1657 2871 1754 2962 cujus
1769 2893 1829 2963 per
1844 2869 2061 2965 adoptionem

478 2990 537 3059 lilii
555 2994 741 3070 existimus,
758 2992 940 3085 regendam
953 2991 1181 3088 tuendamque
1192 2994 1378 3071 commisit,
1390 2995 1480 3087 pianr
1497 2990 1740 3086 sollicitamque
1752 2994 1786 3058 in
1800 2995 1929 3060 cunctis
1944 3017 2060 3060 curam

476 3138 589 3204 gerere
599 3113 809 3192 studeamus,
820 3129 851 3183 et
868 3130 902 3183 ut
921 3117 955 3183 in
966 3118 1039 3209 ejus
1055 3113 1205 3210 proiectu
1222 3117 1289 3183 sive
1308 3113 1503 3183 exaltatione
1518 3138 1702 3209 congruam
1718 3113 1893 3183 videamur
1908 3111 2061 3182 exhibere

478 3233 702 3328 diligentiam,
721 3235 763 3305 ad
780 3238 851 3330 ejus
876 3239 1101 3305 necessitatem
1129 3250 1160 3304 et
1175 3236 1354 3306 utilitatem
1374 3250 1473 3331 atque
1499 3235 1695 3328 dignitatern
1713 3239 1897 3303 necessaria
1918 3249 1948 3302 et
1969 3234 2060 3303 utilia
2085 3268 2119 3300 ω

478 3356 715 3452 provideamus
732 3361 922 3427 constituta.
945 3358 1084 3426 Sanctae
1103 3360 1203 3452 igitur
1223 3358 1379 3427 ecclesiae
1405 3356 1565 3427 catholice
1585 3355 1661 3425 liliis
1683 3357 1743 3426 Dei
1769 3359 1957 3453 nostrisque
1980 3355 2061 3426 lide-

477 3476 582 3557 libus,
598 3477 829 3575 praesentibus
850 3480 973 3550 sedicet
995 3496 1025 3549 et
1044 3480 1179 3560 suturis,
1193 3483 1411 3576 perspicuum
1428 3479 1669 3550 essevolumus
1690 3482 1853 3576 quoniam
1869 3477 2061 3550 consobrini

477 3600 639 3696 ducisque
655 3604 757 3670 nostri
772 3606 992 3697 potentissimi
1014 3601 1198 3697 llugonisl‘l
1212 3606 1335 3699 conjux
1356 3602 1509 3679 illustria,
1526 3601 1629 3672 :ldela
1647 3599 1828 3679 vocabulo,
1844 3617 1992 3672 nostranr
2009 3631 2061 3671 ea-

477 3726 568 3818 petiit
593 3727 803 3793 serenitatem
829 3738 994 3819 quatenus
1023 3750 1085 3819 pro
1111 3740 1222 3794 nostra
1240 3728 1461 3819 conjugisque
1487 3739 1517 3793 et
1541 3723 1644 3818 prolis
1669 3723 1772 3792 salute
1804 3728 1895 3817 regni
1925 3751 2062 3818 qnoque

476 3848 579 3914 nostri
599 3860 684 3914 statu
707 3845 872 3915 coenobio
892 3850 1022 3916 noviter
1040 3850 1073 3915 in
1093 3846 1255 3916 Pictavica
1275 3845 1360 3916 urbe
1378 3844 1421 3914 ab
1441 3845 1552 3914 inclita
1568 3847 1728 3939 genitrice
1745 3871 1804 3913 sua
1817 3871 2059 3939 perassensurn
2085 3861 2117 3910 αῖ»

477 3965 681 4036 marchionis
698 3969 740 4037 W
743 3968 876 4046 illelmi,
895 3972 944 4037 sni
957 3968 1110 4038 sirteticer
1123 3968 1199 4049 lilii,
1219 3983 1411 4038 constructo
1427 3983 1526 4062 atquc
1543 3970 1577 4035 in
1596 3969 1734 4035 nomine
1745 3982 1776 4034 et
1788 3966 1916 4035 bonon·
1930 3983 2060 4035 sanetae

475 4086 647 4159 Trinitatis
663 4089 789 4169 dicato,
809 4106 939 4160 nostrae
966 4094 1170 4161 auctoritatis
1195 4104 1372 4187 praecepto
1397 4092 1573 4158 munimen
1596 4104 1626 4158 et
1645 4086 1750 4157 robur
1770 4087 1928 4184 praebere
1945 4087 2058 4182 digna-

476 4237 602 4280 remur.
621 4211 657 4280 ln
672 4239 742 4306 quo
755 4211 920 4281 coenobio
938 4212 1134 4282 serrerabilis
1146 4229 1299 4282 matrona
1311 4228 1343 4282 et
1359 4210 1524 4281 londatrir
1542 4210 1642 4280 ,ldela
1655 4211 1697 4281 ad
1709 4210 1874 4280 honorem
1886 4225 1918 4279 ct
1929 4211 2056 4280 cultunr

475 4331 630 4403 divinum
649 4334 954 4405 administrandum
981 4362 1059 4404 curn
1086 4339 1163 4405 satis
1183 4334 1456 4404 honestissimum
1481 4349 1670 4429 apparasse-t
1692 4349 1849 4402 ornatum
1871 4349 1918 4411 et,
1943 4360 2058 4402 mona-

475 4455 617 4525 clrarunr
645 4457 717 4526 Deo
741 4456 1021 4528 sasnulaturarurn
1048 4473 1223 4551 aggregato
1251 4471 1366 4536 coctu,
1397 4483 1483 4552 quae
1514 4454 1576 4525 sub
1612 4454 1796 4525 abbatissae
1821 4455 1888 4525 illic
1916 4458 2117 4551 imperioso

475 4577 663 4647 sesnandum
679 4579 828 4673 regulam
842 4584 944 4649 sancti
961 4583 1064 4675 patris
1074 4579 1244 4649 Benedicti
1262 4577 1481 4675 probabiliter
1492 4578 1899 4655 virerent,suilicientiarn
1911 4603 2057 4647 necessa-

475 4702 600 4767 rianrm
621 4702 755 4796 copiose
776 4700 956 4771 addidisset
977 4727 1090 4770 renrm
1101 4758 1108 4779 ,
1120 4702 1337 4772 considerans
1350 4700 1443 4796 quod
1460 4698 1572 4770 adbuc
1593 4715 1677 4769 esset
1694 4725 1765 4795 quo
1783 4715 1891 4793 egeret
1902 4757 1909 4775 ,
1921 4742 1973 4753 -
1987 4716 2057 4795 eget

474 4824 564 4890 enirn
585 4849 718 4918 semper
734 4821 921 4893 laemincus
938 4850 1014 4919 grex
1033 4823 1149 4893 divino
1167 4823 1271 4893 cultui
1286 4825 1498 4921 mancipatus
1519 4822 1731 4892 sacerdotum
1755 4837 1784 4890 et
1807 4847 1924 4892 eorurn
1944 4826 2002 4919 qui
2025 4825 2058 4891 in

474 4942 564 5013 clero
576 4961 668 5022 sunt,
680 4945 796 5015 solatio
806 4948 1038 5015 ministrorum
1053 4973 1114 5015 nee
1128 4944 1369 5017 rationabiliter·
1381 4947 1559 5016 consistere
1569 4943 1653 5015 valet
1666 4948 1736 5014 sine
1745 4972 1796 5025 eo,
1807 4987 1858 5000 -
1869 4946 2056 5043 impetrarit

474 5081 510 5135 ut
529 5065 702 5161 quandam
724 5065 911 5148 abbatiam,
936 5094 1022 5165 quae
1041 5068 1122 5140 olim
1141 5071 1382 5138 monasterium
1402 5067 1551 5139 Puellam·
1577 5070 1682 5138 sancti
1706 5066 1792 5137 l‘etri
1813 5069 1993 5138 vocitatum
2014 5066 2060 5138 ob
2082 5083 2117 5137 tt

516 5325 542 5366 δ’]
567 5316 685 5377 bibionis
697 5317 764 5377 dors
783 5331 866 5376 tontes
882 5320 917 5377 les
929 5320 1017 5401 copies
1030 5340 1039 5376 .·
1056 5339 1122 5379 noas
1129 5318 1273 5402 jutr‘fion
1285 5339 1315 5401 p.
1331 5315 1405 5384 lid,
1420 5339 1448 5376 rr.
1467 5317 1494 5386 i,
1509 5315 1695 5380 tamti·-
1709 5316 1852 5401 liquuit
