<?xml version="1.0" encoding="UTF-8"?>
<!DOCTYPE html PUBLIC "-//W3C//DTD XHTML 1.0 Transitional//EN"
    "http://www.w3.org/TR/xhtml1/DTD/xhtml1-transitional.dtd">
<html xmlns="http://www.w3.org/1999/xhtml" xml:lang="en" lang="en">
 <head>
  <title>
</title>
<meta http-equiv="Content-Type" content="text/html;charset=utf-8" />
  <meta name='ocr-system' content='tesseract 3.04.00' />
  <meta name='ocr-capabilities' content='ocr_page ocr_carea ocr_par ocr_line ocrx_word'/>
</head>
<body>
  <div class='ocr_page' id='page_1' title='image "./recueildesactes00halpgoog/recueildesactes00halpgoog_0136.png"; bbox 0 0 5084 6434; ppageno 0'>
   <div class='ocr_carea' id='block_1_1' title="bbox 516 705 2100 809">
    <p class='ocr_par' dir='ltr' id='par_1_1' title="bbox 516 705 2100 809">
     <span class='ocr_line' id='line_1_1' title="bbox 516 705 2100 809; baseline 0.003 -32"><span class='ocrx_word' id='word_1_1' title='bbox 516 708 565 777; x_wconf 81' lang='lat'><strong>70</strong></span> <span class='ocrx_word' id='word_1_2' title='bbox 1169 705 1442 778; x_wconf 71' lang='lat' dir='ltr'><strong>LOTHAHOE.</strong></span> <span class='ocrx_word' id='word_1_3' title='bbox 1985 706 2100 809; x_wconf 76' lang='lat'><strong>[967]</strong></span> 
     </span>
    </p>
   </div>
   <div class='ocr_carea' id='block_1_2' title="bbox 476 879 2100 1837">
    <p class='ocr_par' dir='ltr' id='par_1_2' title="bbox 512 879 2100 1351">
     <span class='ocr_line' id='line_1_2' title="bbox 512 879 2098 983; baseline 0.004 -31"><span class='ocrx_word' id='word_1_4' title='bbox 512 889 645 974; x_wconf 72' lang='lat' dir='ltr'><strong>genitor</strong></span> <span class='ocrx_word' id='word_1_5' title='bbox 655 885 681 936; x_wconf 72' lang='lat'><strong>(¹)</strong></span> <span class='ocrx_word' id='word_1_6' title='bbox 698 900 813 955; x_wconf 88' lang='lat' dir='ltr'><strong>noster</strong></span> <span class='ocrx_word' id='word_1_7' title='bbox 835 879 1066 955; x_wconf 72' lang='lat' dir='ltr'><strong>Ludovicuslbl</strong></span> <span class='ocrx_word' id='word_1_8' title='bbox 1082 887 1157 982; x_wconf 87' lang='lat' dir='ltr'><strong>piae</strong></span> <span class='ocrx_word' id='word_1_9' title='bbox 1180 888 1365 956; x_wconf 74' lang='lat' dir='ltr'>memoriae</span> <span class='ocrx_word' id='word_1_10' title='bbox 1387 912 1443 956; x_wconf 84' lang='lat' dir='ltr'><strong>rex</strong></span> <span class='ocrx_word' id='word_1_11' title='bbox 1466 882 1677 967; x_wconf 58' lang='lat' dir='ltr'><strong>concessant</strong></span> <span class='ocrx_word' id='word_1_12' title='bbox 1698 900 1731 956; x_wconf 83' lang='lat' dir='ltr'><strong>et</strong></span> <span class='ocrx_word' id='word_1_13' title='bbox 1747 885 1860 983; x_wconf 83' lang='lat' dir='ltr'><strong>Caput</strong></span> <span class='ocrx_word' id='word_1_14' title='bbox 1881 885 2043 958; x_wconf 84' lang='lat' dir='ltr'><strong>Carvium</strong></span> <span class='ocrx_word' id='word_1_15' title='bbox 2067 904 2098 959; x_wconf 88' lang='lat' dir='ltr'><strong>et</strong></span> 
     </span>
     <span class='ocr_line' id='line_1_3' title="bbox 516 1001 2098 1092; baseline 0.003 -14"><span class='ocrx_word' id='word_1_16' title='bbox 516 1009 659 1078; x_wconf 67' lang='lat' dir='ltr'><strong>liveram</strong></span> <span class='ocrx_word' id='word_1_17' title='bbox 670 1005 696 1060; x_wconf 72' lang='lat' dir='ltr'><strong>(a</strong></span> <span class='ocrx_word' id='word_1_18' title='bbox 717 1022 750 1077; x_wconf 86' lang='lat' dir='ltr'><strong>et</strong></span> <span class='ocrx_word' id='word_1_19' title='bbox 767 1001 1079 1088; x_wconf 59' lang='lat' dir='ltr'><strong>arminicurtemtlt</strong></span> <span class='ocrx_word' id='word_1_20' title='bbox 1097 1007 1243 1079; x_wconf 88' lang='lat' dir='ltr'><strong>Diacum</strong></span> <span class='ocrx_word' id='word_1_21' title='bbox 1259 1023 1292 1078; x_wconf 88' lang='lat' dir='ltr'><strong>et</strong></span> <span class='ocrx_word' id='word_1_22' title='bbox 1308 1005 1558 1089; x_wconf 65' lang='lat' dir='ltr'><strong>Transeunt),</strong></span> <span class='ocrx_word' id='word_1_23' title='bbox 1574 1006 1772 1078; x_wconf 76' lang='lat' dir='ltr'><strong>Pauliacum</strong></span> <span class='ocrx_word' id='word_1_24' title='bbox 1786 1033 1866 1079; x_wconf 90' lang='lat' dir='ltr'><strong>cum</strong></span> <span class='ocrx_word' id='word_1_25' title='bbox 1881 1006 2098 1092; x_wconf 72' lang='lat' dir='ltr'><strong>Pinedessot&#39;t</strong></span> 
     </span>
     <span class='ocr_line' id='line_1_4' title="bbox 513 1124 2100 1228; baseline 0.002 -29"><span class='ocrx_word' id='word_1_26' title='bbox 513 1124 789 1200; x_wconf 61' lang='lat' dir='ltr'><strong>castellionense)</strong></span> <span class='ocrx_word' id='word_1_27' title='bbox 806 1154 884 1199; x_wconf 94' lang='lat' dir='ltr'><strong>cum</strong></span> <span class='ocrx_word' id='word_1_28' title='bbox 903 1126 1064 1199; x_wconf 89' lang='lat' dir='ltr'><strong>omnibus</strong></span> <span class='ocrx_word' id='word_1_29' title='bbox 1081 1130 1290 1227; x_wconf 89' lang='lat' dir='ltr'><strong>appendiciis</strong></span> <span class='ocrx_word' id='word_1_30' title='bbox 1305 1134 1373 1201; x_wconf 88' lang='lat' dir='ltr'><strong>suis</strong></span> <span class='ocrx_word' id='word_1_31' title='bbox 1388 1126 1641 1202; x_wconf 72' lang='lat' dir='ltr'><strong>concedimusl‘l</strong></span> <span class='ocrx_word' id='word_1_32' title='bbox 1658 1130 1823 1226; x_wconf 85' lang='lat' dir='ltr'><strong>omnique</strong></span> <span class='ocrx_word' id='word_1_33' title='bbox 1838 1132 1944 1201; x_wconf 78' lang='lat' dir='ltr'>nostri</span> <span class='ocrx_word' id='word_1_34' title='bbox 1961 1135 2057 1228; x_wconf 79' lang='lat' dir='ltr'><strong>regni</strong></span> <span class='ocrx_word' id='word_1_35' title='bbox 2068 1127 2100 1185; x_wconf 66' lang='lat' dir='ltr'><strong>Pl</strong></span> 
     </span>
     <span class='ocr_line' id='line_1_5' title="bbox 514 1247 2098 1351; baseline 0.004 -31"><span class='ocrx_word' id='word_1_36' title='bbox 514 1255 693 1321; x_wconf 78' lang='lat' dir='ltr'>autoritate</span> <span class='ocrx_word' id='word_1_37' title='bbox 709 1255 964 1322; x_wconf 87' lang='lat' dir='ltr'><strong>communimus</strong></span> <span class='ocrx_word' id='word_1_38' title='bbox 975 1248 997 1303; x_wconf 74' lang='lat' dir='ltr'><strong>a)</strong></span> <span class='ocrx_word' id='word_1_39' title='bbox 1015 1277 1078 1349; x_wconf 92' lang='lat' dir='ltr'><strong>pro</strong></span> <span class='ocrx_word' id='word_1_40' title='bbox 1096 1266 1183 1322; x_wconf 87' lang='lat' dir='ltr'><strong>statu</strong></span> <span class='ocrx_word' id='word_1_41' title='bbox 1203 1269 1335 1323; x_wconf 86' lang='lat' dir='ltr'><strong>nostrae</strong></span> <span class='ocrx_word' id='word_1_42' title='bbox 1355 1253 1459 1350; x_wconf 90' lang='lat' dir='ltr'><strong>prolis</strong></span> <span class='ocrx_word' id='word_1_43' title='bbox 1468 1247 1493 1305; x_wconf 62' lang='grc' dir='ltr'><strong>θ’)</strong></span> <span class='ocrx_word' id='word_1_44' title='bbox 1510 1279 1549 1323; x_wconf 88' lang='lat' dir='ltr'><strong>ac</strong></span> <span class='ocrx_word' id='word_1_45' title='bbox 1568 1267 1656 1323; x_wconf 90' lang='lat' dir='ltr'><strong>statu</strong></span> <span class='ocrx_word' id='word_1_46' title='bbox 1673 1255 1776 1322; x_wconf 84' lang='lat' dir='ltr'><strong>totius</strong></span> <span class='ocrx_word' id='word_1_47' title='bbox 1797 1255 1902 1323; x_wconf 82' lang='lat' dir='ltr'><strong>nostri</strong></span> <span class='ocrx_word' id='word_1_48' title='bbox 1919 1254 2015 1351; x_wconf 75' lang='lat' dir='ltr'><strong>regni</strong></span> <span class='ocrx_word' id='word_1_49' title='bbox 2023 1249 2052 1307; x_wconf 74' lang='lat' dir='ltr'><strong>t)</strong></span> <span class='ocrx_word' id='word_1_50' title='bbox 2064 1270 2098 1326; x_wconf 88' lang='lat' dir='ltr'><strong>et</strong></span> 
     </span>
    </p>

    <p class='ocr_par' dir='ltr' id='par_1_3' title="bbox 476 1370 2100 1837">
     <span class='ocr_line' id='line_1_6' title="bbox 476 1370 2098 1473; baseline 0.004 -31"><span class='ocrx_word' id='word_1_51' title='bbox 476 1383 605 1470; x_wconf 54' lang='grc' dir='ltr'><strong>ὄρειοι).</strong></span> <span class='ocrx_word' id='word_1_52' title='bbox 629 1375 665 1445; x_wconf 82' lang='lat' dir='ltr'><strong>Si</strong></span> <span class='ocrx_word' id='word_1_53' title='bbox 688 1376 764 1470; x_wconf 87' lang='lat' dir='ltr'><strong>quis</strong></span> <span class='ocrx_word' id='word_1_54' title='bbox 788 1400 867 1443; x_wconf 84' lang='lat' dir='ltr'><strong>vcro</strong></span> <span class='ocrx_word' id='word_1_55' title='bbox 892 1390 1009 1444; x_wconf 87' lang='lat' dir='ltr'><strong>contra</strong></span> <span class='ocrx_word' id='word_1_56' title='bbox 1032 1374 1115 1444; x_wconf 86' lang='lat' dir='ltr'><strong>haec</strong></span> <span class='ocrx_word' id='word_1_57' title='bbox 1136 1389 1258 1445; x_wconf 88' lang='lat' dir='ltr'><strong>statuta</strong></span> <span class='ocrx_word' id='word_1_58' title='bbox 1281 1378 1397 1445; x_wconf 84' lang='lat' dir='ltr'><strong>venire</strong></span> <span class='ocrx_word' id='word_1_59' title='bbox 1419 1377 1633 1473; x_wconf 85' lang='lat' dir='ltr'><strong>temptaverit</strong></span> <span class='ocrx_word' id='word_1_60' title='bbox 1646 1370 1680 1452; x_wconf 61' lang='grc' dir='ltr'><strong>(Ι),</strong></span> <span class='ocrx_word' id='word_1_61' title='bbox 1702 1374 1796 1471; x_wconf 86' lang='lat' dir='ltr'><strong>quod</strong></span> <span class='ocrx_word' id='word_1_62' title='bbox 1818 1374 2098 1459; x_wconf 71' lang='lat' dir='ltr'><strong>concredimus,</strong></span> 
     </span>
     <span class='ocr_line' id='line_1_7' title="bbox 513 1492 2100 1594; baseline 0.004 -30"><span class='ocrx_word' id='word_1_63' title='bbox 513 1492 615 1565; x_wconf 88' lang='lat' dir='ltr'><strong>libras</strong></span> <span class='ocrx_word' id='word_1_64' title='bbox 637 1493 754 1566; x_wconf 70' lang='lat' dir='ltr'><strong>aurit-¹)</strong></span> <span class='ocrx_word' id='word_1_65' title='bbox 772 1498 1017 1593; x_wconf 75' lang='lat' dir='ltr'><strong>quinquaginta</strong></span> <span class='ocrx_word' id='word_1_66' title='bbox 1036 1496 1218 1592; x_wconf 79' lang='lat' dir='ltr'><strong>persolvat,</strong></span> <span class='ocrx_word' id='word_1_67' title='bbox 1237 1497 1332 1594; x_wconf 90' lang='lat' dir='ltr'><strong>quod</strong></span> <span class='ocrx_word' id='word_1_68' title='bbox 1352 1522 1432 1568; x_wconf 88' lang='lat' dir='ltr'><strong>vero</strong></span> <span class='ocrx_word' id='word_1_69' title='bbox 1452 1500 1541 1593; x_wconf 89' lang='lat' dir='ltr'><strong>cepit</strong></span> <span class='ocrx_word' id='word_1_70' title='bbox 1558 1522 1628 1567; x_wconf 90' lang='lat' dir='ltr'><strong>non</strong></span> <span class='ocrx_word' id='word_1_71' title='bbox 1650 1495 1828 1568; x_wconf 84' lang='lat' dir='ltr'><strong>evindicet.</strong></span> <span class='ocrx_word' id='word_1_72' title='bbox 1848 1496 1891 1569; x_wconf 82' lang='lat' dir='ltr'><strong>Et</strong></span> <span class='ocrx_word' id='word_1_73' title='bbox 1909 1511 1949 1568; x_wconf 89' lang='lat' dir='ltr'><strong>ut</strong></span> <span class='ocrx_word' id='word_1_74' title='bbox 1966 1495 2100 1571; x_wconf 87' lang='lat' dir='ltr'><strong>linnius</strong></span> 
     </span>
     <span class='ocr_line' id='line_1_8' title="bbox 513 1614 2100 1718; baseline 0.003 -30"><span class='ocrx_word' id='word_1_75' title='bbox 513 1634 649 1689; x_wconf 81' lang='lat' dir='ltr'><strong>mancat</strong></span> <span class='ocrx_word' id='word_1_76' title='bbox 669 1614 1013 1716; x_wconf 72' lang='lat' dir='ltr'><strong>inconcussumquet·t</strong></span> <span class='ocrx_word' id='word_1_77' title='bbox 1030 1645 1091 1715; x_wconf 82' lang='lat' dir='ltr'><strong>per</strong></span> <span class='ocrx_word' id='word_1_78' title='bbox 1112 1619 1369 1691; x_wconf 66' lang='lat' dir='ltr'><strong>succedentium</strong></span> <span class='ocrx_word' id='word_1_79' title='bbox 1386 1635 1581 1718; x_wconf 86' lang='lat' dir='ltr'><strong>temporum</strong></span> <span class='ocrx_word' id='word_1_80' title='bbox 1598 1618 1766 1690; x_wconf 90' lang='lat' dir='ltr'><strong>curricula</strong></span> <span class='ocrx_word' id='word_1_81' title='bbox 1781 1634 1941 1702; x_wconf 81' lang='lat' dir='ltr'><strong>servetur,</strong></span> <span class='ocrx_word' id='word_1_82' title='bbox 1962 1619 2100 1692; x_wconf 70' lang='lat' dir='ltr'><strong>anulol⁰¹</strong></span> 
     </span>
     <span class='ocr_line' id='line_1_9' title="bbox 513 1738 1462 1837; baseline 0.002 -26"><span class='ocrx_word' id='word_1_83' title='bbox 513 1744 617 1811; x_wconf 79' lang='lat' dir='ltr'><strong>nostri</strong></span> <span class='ocrx_word' id='word_1_84' title='bbox 636 1741 750 1837; x_wconf 90' lang='lat' dir='ltr'><strong>palatii</strong></span> <span class='ocrx_word' id='word_1_85' title='bbox 768 1738 1103 1823; x_wconf 69' lang='lat' dir='ltr'><strong>subterfirmantesltt</strong></span> <span class='ocrx_word' id='word_1_86' title='bbox 1119 1745 1283 1837; x_wconf 88' lang='lat' dir='ltr'><strong>jussimus</strong></span> <span class='ocrx_word' id='word_1_87' title='bbox 1298 1744 1462 1837; x_wconf 77' lang='lat' dir='ltr'><strong>insigniri.</strong></span> 
     </span>
    </p>
   </div>
   <div class='ocr_carea' id='block_1_3' title="bbox 564 1882 1721 1981">
    <p class='ocr_par' dir='ltr' id='par_1_4' title="bbox 564 1882 1721 1981">
     <span class='ocr_line' id='line_1_10' title="bbox 564 1882 1721 1981; baseline 0.001 -30"><span class='ocrx_word' id='word_1_88' title='bbox 564 1882 709 1976; x_wconf 73' lang='lat' dir='ltr'><strong>Signum</strong></span> <span class='ocrx_word' id='word_1_89' title='bbox 724 1882 843 1952; x_wconf 92' lang='lat' dir='ltr'><strong>domni</strong></span> <span class='ocrx_word' id='word_1_90' title='bbox 853 1882 881 1933; x_wconf 78' lang='lat' dir='ltr'><strong>(a</strong></span> <span class='ocrx_word' id='word_1_91' title='bbox 902 1882 1050 1952; x_wconf 77' lang='lat' dir='ltr'><strong>lotharii</strong></span> <span class='ocrx_word' id='word_1_92' title='bbox 1066 1882 1315 1981; x_wconf 75' lang='lat' dir='ltr'><strong>(amnoqramma</strong></span> <span class='ocrx_word' id='word_1_93' title='bbox 1325 1882 1364 1980; x_wconf 57' lang='grc' dir='ltr'><strong>Β)</strong></span> <span class='ocrx_word' id='word_1_94' title='bbox 1380 1883 1608 1978; x_wconf 78' lang='lat' dir='ltr'><strong>gloriosissimi</strong></span> <span class='ocrx_word' id='word_1_95' title='bbox 1626 1885 1721 1978; x_wconf 74' lang='lat' dir='ltr'><strong>regis.</strong></span> 
     </span>
    </p>
   </div>
   <div class='ocr_carea' id='block_1_4' title="bbox 510 2093 2100 3938">
    <p class='ocr_par' dir='ltr' id='par_1_5' title="bbox 510 2093 2100 3938">
     <span class='ocr_line' id='line_1_11' title="bbox 556 2093 2100 2179; baseline 0 -23"><span class='ocrx_word' id='word_1_96' title='bbox 556 2095 580 2148; x_wconf 85' lang='grc'><strong>)·)</strong></span> <span class='ocrx_word' id='word_1_97' title='bbox 602 2098 719 2179; x_wconf 78' lang='lat' dir='ltr'><strong>genitor</strong></span> <span class='ocrx_word' id='word_1_98' title='bbox 730 2097 797 2156; x_wconf 84' lang='lat' dir='ltr'><strong>omis</strong></span> <span class='ocrx_word' id='word_1_99' title='bbox 807 2118 861 2178; x_wconf 88' lang='lat' dir='ltr'><strong>par</strong></span> <span class='ocrx_word' id='word_1_100' title='bbox 872 2095 902 2156; x_wconf 84' lang='lat' dir='ltr'><strong>C.</strong></span> <span class='ocrx_word' id='word_1_101' title='bbox 914 2132 955 2141; x_wconf 95' lang='lat'>—</span> <span class='ocrx_word' id='word_1_102' title='bbox 972 2093 997 2146; x_wconf 58' lang='grc' dir='ltr'><strong>Β)</strong></span> <span class='ocrx_word' id='word_1_103' title='bbox 1020 2095 1179 2155; x_wconf 73' lang='lat' dir='ltr'><strong>lodosicus</strong></span> <span class='ocrx_word' id='word_1_104' title='bbox 1196 2095 1260 2155; x_wconf 89' lang='lat' dir='ltr'><strong>BD.</strong></span> <span class='ocrx_word' id='word_1_105' title='bbox 1277 2134 1319 2141; x_wconf 96' lang='lat'>—</span> <span class='ocrx_word' id='word_1_106' title='bbox 1336 2095 1361 2147; x_wconf 49' lang='grc' dir='ltr'><strong>(θ)</strong></span> <span class='ocrx_word' id='word_1_107' title='bbox 1376 2095 1484 2157; x_wconf 72' lang='lat' dir='ltr'><strong>libram</strong></span> <span class='ocrx_word' id='word_1_108' title='bbox 1500 2096 1540 2164; x_wconf 99' lang='grc' dir='ltr'><strong>Β,</strong></span> <span class='ocrx_word' id='word_1_109' title='bbox 1554 2096 1658 2156; x_wconf 71' lang='lat' dir='ltr'><strong>Eiram</strong></span> <span class='ocrx_word' id='word_1_110' title='bbox 1671 2096 1698 2156; x_wconf 86' lang='grc' dir='ltr'><strong><em>Β</em></strong></span> <span class='ocrx_word' id='word_1_111' title='bbox 1704 2119 1713 2164; x_wconf 76' lang='lat'><em>3</em></span> <span class='ocrx_word' id='word_1_112' title='bbox 1729 2119 1760 2156; x_wconf 89' lang='lat' dir='ltr'><strong>ce</strong></span> <span class='ocrx_word' id='word_1_113' title='bbox 1774 2116 1833 2156; x_wconf 79' lang='lat' dir='ltr'><strong>nana</strong></span> <span class='ocrx_word' id='word_1_114' title='bbox 1851 2097 1918 2156; x_wconf 73' lang='lat' dir='ltr'><strong>anau</strong></span> <span class='ocrx_word' id='word_1_115' title='bbox 1930 2098 1986 2179; x_wconf 84' lang='lat' dir='ltr'><strong>pa&#39;r</strong></span> <span class='ocrx_word' id='word_1_116' title='bbox 1998 2095 2036 2159; x_wconf 89' lang='lat' dir='ltr'><strong>D.</strong></span> <span class='ocrx_word' id='word_1_117' title='bbox 2056 2132 2100 2144; x_wconf 93' lang='lat'>-</span> 
     </span>
     <span class='ocr_line' id='line_1_12' title="bbox 514 2195 2100 2266; baseline 0 -7"><span class='ocrx_word' id='word_1_118' title='bbox 514 2198 541 2253; x_wconf 78' lang='lat' dir='ltr'><strong>(a)</strong></span> <span class='ocrx_word' id='word_1_119' title='bbox 553 2200 771 2259; x_wconf 74' lang='lat' dir='ltr'><strong>Armincurtem</strong></span> <span class='ocrx_word' id='word_1_120' title='bbox 779 2198 821 2265; x_wconf 97' lang='grc' dir='ltr'><strong>Β,</strong></span> <span class='ocrx_word' id='word_1_121' title='bbox 832 2198 1070 2258; x_wconf 76' lang='lat' dir='ltr'><strong>Ariminicurtem</strong></span> <span class='ocrx_word' id='word_1_122' title='bbox 1081 2198 1123 2266; x_wconf 90' lang='lat' dir='ltr'><strong>D,</strong></span> <span class='ocrx_word' id='word_1_123' title='bbox 1136 2198 1351 2259; x_wconf 83' lang='lat' dir='ltr'><strong>Arvinicurtem</strong></span> <span class='ocrx_word' id='word_1_124' title='bbox 1362 2199 1397 2260; x_wconf 92' lang='grc' dir='ltr'><strong>Β.</strong></span> <span class='ocrx_word' id='word_1_125' title='bbox 1408 2238 1450 2245; x_wconf 93' lang='grc'>-</span> <span class='ocrx_word' id='word_1_126' title='bbox 1468 2197 1493 2253; x_wconf 76' lang='lat'><strong>(0)</strong></span> <span class='ocrx_word' id='word_1_127' title='bbox 1504 2201 1699 2261; x_wconf 89' lang='lat' dir='ltr'><strong>Taruniacum</strong></span> <span class='ocrx_word' id='word_1_128' title='bbox 1715 2199 1798 2259; x_wconf 81' lang='grc'><strong>0.-</strong></span> <span class='ocrx_word' id='word_1_129' title='bbox 1811 2195 1835 2252; x_wconf 78' lang='lat' dir='ltr'><strong>(a)</strong></span> <span class='ocrx_word' id='word_1_130' title='bbox 1846 2196 1993 2260; x_wconf 88' lang='lat' dir='ltr'><strong>Pinidello</strong></span> <span class='ocrx_word' id='word_1_131' title='bbox 2006 2198 2043 2260; x_wconf 90' lang='lat' dir='ltr'><strong>D.</strong></span> <span class='ocrx_word' id='word_1_132' title='bbox 2055 2234 2100 2248; x_wconf 90' lang='lat'>-</span> 
     </span>
     <span class='ocr_line' id='line_1_13' title="bbox 514 2300 2098 2389; baseline 0.003 -28"><span class='ocrx_word' id='word_1_133' title='bbox 514 2302 540 2356; x_wconf 82' lang='lat' dir='ltr'><strong>ts)</strong></span> <span class='ocrx_word' id='word_1_134' title='bbox 565 2302 639 2362; x_wconf 86' lang='lat' dir='ltr'><strong>Dans</strong></span> <span class='ocrx_word' id='word_1_135' title='bbox 656 2303 709 2363; x_wconf 83' lang='grc' dir='ltr'><strong>ΒΒ</strong></span> <span class='ocrx_word' id='word_1_136' title='bbox 716 2354 723 2372; x_wconf 92' lang='grc'><strong><em>,</em></strong></span> <span class='ocrx_word' id='word_1_137' title='bbox 739 2313 807 2363; x_wconf 84' lang='lat' dir='ltr'><strong>cette</strong></span> <span class='ocrx_word' id='word_1_138' title='bbox 821 2301 1004 2363; x_wconf 61' lang='lat' dir='ltr'><strong>saumarios</strong></span> <span class='ocrx_word' id='word_1_139' title='bbox 1015 2325 1044 2364; x_wconf 85' lang='lat' dir='ltr'><strong>se</strong></span> <span class='ocrx_word' id='word_1_140' title='bbox 1054 2303 1176 2386; x_wconf 84' lang='lat' dir='ltr'><strong>pre&#39;sente</strong></span> <span class='ocrx_word' id='word_1_141' title='bbox 1190 2300 1257 2363; x_wconf 83' lang='lat' dir='ltr'><strong>dans</strong></span> <span class='ocrx_word' id='word_1_142' title='bbox 1273 2302 1371 2363; x_wconf 80' lang='lat' dir='ltr'><strong>l&#39;ordra</strong></span> <span class='ocrx_word' id='word_1_143' title='bbox 1382 2305 1490 2365; x_wconf 71' lang='lat' dir='ltr'><strong>sairam</strong></span> <span class='ocrx_word' id='word_1_144' title='bbox 1503 2328 1512 2363; x_wconf 86' lang='lat'><strong>.·</strong></span> <span class='ocrx_word' id='word_1_145' title='bbox 1529 2305 1740 2365; x_wconf 74' lang='lat' dir='ltr'><strong>apatriciacum</strong></span> <span class='ocrx_word' id='word_1_146' title='bbox 1752 2325 1820 2364; x_wconf 89' lang='lat' dir='ltr'><strong>cum</strong></span> <span class='ocrx_word' id='word_1_147' title='bbox 1837 2302 1974 2365; x_wconf 86' lang='lat' dir='ltr'><strong>omnibus</strong></span> <span class='ocrx_word' id='word_1_148' title='bbox 1988 2325 2098 2389; x_wconf 85' lang='lat' dir='ltr'><strong>appeu-</strong></span> 
     </span>
     <span class='ocr_line' id='line_1_14' title="bbox 512 2394 2100 2489; baseline 0.002 -24"><span class='ocrx_word' id='word_1_149' title='bbox 512 2406 595 2466; x_wconf 86' lang='lat' dir='ltr'><strong>dieiis</strong></span> <span class='ocrx_word' id='word_1_150' title='bbox 610 2407 708 2466; x_wconf 90' lang='lat' dir='ltr'><strong>suiset</strong></span> <span class='ocrx_word' id='word_1_151' title='bbox 723 2406 817 2489; x_wconf 83' lang='lat' dir='ltr'><strong>Caput</strong></span> <span class='ocrx_word' id='word_1_152' title='bbox 830 2406 964 2466; x_wconf 81' lang='lat' dir='ltr'><strong>Carvium</strong></span> <span class='ocrx_word' id='word_1_153' title='bbox 980 2416 1008 2466; x_wconf 90' lang='lat' dir='ltr'><strong>et</strong></span> <span class='ocrx_word' id='word_1_154' title='bbox 1024 2406 1145 2465; x_wconf 69' lang='lat' dir='ltr'><strong>liveram</strong></span> <span class='ocrx_word' id='word_1_155' title='bbox 1158 2417 1187 2466; x_wconf 91' lang='lat' dir='ltr'><strong>et</strong></span> <span class='ocrx_word' id='word_1_156' title='bbox 1202 2394 1443 2477; x_wconf 80' lang='lat' dir='ltr'><strong>Arminicisrtem‚</strong></span> <span class='ocrx_word' id='word_1_157' title='bbox 1455 2408 1578 2467; x_wconf 84' lang='lat' dir='ltr'><strong>Discum</strong></span> <span class='ocrx_word' id='word_1_158' title='bbox 1598 2417 1627 2469; x_wconf 85' lang='lat' dir='ltr'><strong>et</strong></span> <span class='ocrx_word' id='word_1_159' title='bbox 1639 2407 1826 2477; x_wconf 81' lang='lat' dir='ltr'><strong>Tauriacum‚</strong></span> <span class='ocrx_word' id='word_1_160' title='bbox 1845 2404 2014 2468; x_wconf 76' lang='lat' dir='ltr'><strong>Pauliacum</strong></span> <span class='ocrx_word' id='word_1_161' title='bbox 2031 2429 2100 2468; x_wconf 90' lang='lat' dir='ltr'><strong>cum</strong></span> 
     </span>
     <span class='ocr_line' id='line_1_15' title="bbox 514 2506 2100 2593; baseline 0.002 -25"><span class='ocrx_word' id='word_1_162' title='bbox 514 2507 679 2577; x_wconf 80' lang='lat' dir='ltr'><strong>Pinedello.</strong></span> <span class='ocrx_word' id='word_1_163' title='bbox 697 2506 903 2569; x_wconf 87' lang='lat' dir='ltr'><strong>Castellionem</strong></span> <span class='ocrx_word' id='word_1_164' title='bbox 930 2531 996 2569; x_wconf 90' lang='lat' dir='ltr'><strong>cum</strong></span> <span class='ocrx_word' id='word_1_165' title='bbox 1020 2509 1157 2569; x_wconf 90' lang='lat' dir='ltr'><strong>omnibus</strong></span> <span class='ocrx_word' id='word_1_166' title='bbox 1178 2509 1357 2593; x_wconf 86' lang='lat' dir='ltr'><strong>appendiciis</strong></span> <span class='ocrx_word' id='word_1_167' title='bbox 1384 2512 1441 2569; x_wconf 89' lang='lat' dir='ltr'><strong>suis</strong></span> <span class='ocrx_word' id='word_1_168' title='bbox 1467 2522 1497 2570; x_wconf 87' lang='lat' dir='ltr'><strong>et</strong></span> <span class='ocrx_word' id='word_1_169' title='bbox 1518 2513 1616 2570; x_wconf 90' lang='lat' dir='ltr'><strong>omnia</strong></span> <span class='ocrx_word' id='word_1_170' title='bbox 1641 2509 1782 2570; x_wconf 84' lang='lat' dir='ltr'><strong>beneficia</strong></span> <span class='ocrx_word' id='word_1_171' title='bbox 1810 2508 1999 2579; x_wconf 68' lang='lat' dir='ltr'><strong>insulosum,</strong></span> <span class='ocrx_word' id='word_1_172' title='bbox 2025 2513 2100 2572; x_wconf 87' lang='lat' dir='ltr'><strong>sicut</strong></span> 
     </span>
     <span class='ocr_line' id='line_1_16' title="bbox 513 2611 2100 2697; baseline 0.001 -25"><span class='ocrx_word' id='word_1_173' title='bbox 513 2611 677 2696; x_wconf 87' lang='lat' dir='ltr'><strong>praedictus</strong></span> <span class='ocrx_word' id='word_1_174' title='bbox 701 2614 816 2695; x_wconf 80' lang='lat' dir='ltr'><strong>genitor</strong></span> <span class='ocrx_word' id='word_1_175' title='bbox 836 2623 933 2673; x_wconf 86' lang='lat' dir='ltr'><strong>noster</strong></span> <span class='ocrx_word' id='word_1_176' title='bbox 953 2613 1128 2684; x_wconf 78' lang='lat' dir='ltr'><strong>ludovicus,</strong></span> <span class='ocrx_word' id='word_1_177' title='bbox 1153 2615 1219 2697; x_wconf 87' lang='lat' dir='ltr'><strong>piac</strong></span> <span class='ocrx_word' id='word_1_178' title='bbox 1240 2614 1399 2673; x_wconf 87' lang='lat' dir='ltr'><strong>memoriae</strong></span> <span class='ocrx_word' id='word_1_179' title='bbox 1423 2636 1487 2683; x_wconf 78' lang='lat' dir='ltr'><strong>rex.</strong></span> <span class='ocrx_word' id='word_1_180' title='bbox 1505 2615 1658 2685; x_wconf 80' lang='lat' dir='ltr'><strong>concessit,</strong></span> <span class='ocrx_word' id='word_1_181' title='bbox 1681 2613 1904 2678; x_wconf 76' lang='lat' dir='ltr'><strong>concedimusas</strong></span> <span class='ocrx_word' id='word_1_182' title='bbox 1926 2612 1994 2675; x_wconf 83' lang='lat' dir='ltr'><strong>dans</strong></span> <span class='ocrx_word' id='word_1_183' title='bbox 2015 2612 2100 2685; x_wconf 73' lang='lat' dir='ltr'><strong>C,ts</strong></span> 
     </span>
     <span class='ocr_line' id='line_1_17' title="bbox 510 2712 2100 2800; baseline 0.002 -25"><span class='ocrx_word' id='word_1_184' title='bbox 510 2738 626 2800; x_wconf 77' lang='lat' dir='ltr'><strong>passaqa</strong></span> <span class='ocrx_word' id='word_1_185' title='bbox 640 2716 688 2796; x_wconf 74' lang='lat' dir='ltr'><strong>psi</strong></span> <span class='ocrx_word' id='word_1_186' title='bbox 705 2738 738 2775; x_wconf 79' lang='lat' dir='ltr'><strong>on</strong></span> <span class='ocrx_word' id='word_1_187' title='bbox 753 2712 848 2799; x_wconf 85' lang='lat' dir='ltr'><strong>depuis</strong></span> <span class='ocrx_word' id='word_1_188' title='bbox 867 2725 896 2775; x_wconf 86' lang='lat' dir='ltr'><strong>et</strong></span> <span class='ocrx_word' id='word_1_189' title='bbox 916 2716 1009 2799; x_wconf 85' lang='lat' dir='ltr'><strong>Caput</strong></span> <span class='ocrx_word' id='word_1_190' title='bbox 1027 2716 1162 2776; x_wconf 81' lang='lat' dir='ltr'><strong>Carvium</strong></span> <span class='ocrx_word' id='word_1_191' title='bbox 1175 2716 1292 2800; x_wconf 76' lang='lat' dir='ltr'><strong>jusqa&#39;d</strong></span> <span class='ocrx_word' id='word_1_192' title='bbox 1312 2715 1519 2778; x_wconf 74' lang='lat' dir='ltr'><strong>castellionem</strong></span> <span class='ocrx_word' id='word_1_193' title='bbox 1539 2738 1607 2776; x_wconf 90' lang='lat' dir='ltr'><strong>cum</strong></span> <span class='ocrx_word' id='word_1_194' title='bbox 1628 2716 1764 2777; x_wconf 89' lang='lat' dir='ltr'><strong>omnibus</strong></span> <span class='ocrx_word' id='word_1_195' title='bbox 1781 2714 1960 2800; x_wconf 87' lang='lat' dir='ltr'><strong>appendiciis</strong></span> <span class='ocrx_word' id='word_1_196' title='bbox 1981 2717 2040 2776; x_wconf 90' lang='lat' dir='ltr'><strong>suis</strong></span> <span class='ocrx_word' id='word_1_197' title='bbox 2060 2728 2100 2778; x_wconf 82' lang='lat' dir='ltr'><strong>ast</strong></span> 
     </span>
     <span class='ocr_line' id='line_1_18' title="bbox 512 2817 2100 2904; baseline 0.001 -26"><span class='ocrx_word' id='word_1_198' title='bbox 512 2817 624 2900; x_wconf 76' lang='lat' dir='ltr'><strong>indique&#39;</strong></span> <span class='ocrx_word' id='word_1_199' title='bbox 642 2819 660 2880; x_wconf 83' lang='lat' dir='ltr'><strong>d</strong></span> <span class='ocrx_word' id='word_1_200' title='bbox 679 2818 705 2879; x_wconf 85' lang='lat' dir='ltr'><strong>la</strong></span> <span class='ocrx_word' id='word_1_201' title='bbox 726 2841 827 2903; x_wconf 66' lang='lat' dir='ltr'><strong>marus.</strong></span> <span class='ocrx_word' id='word_1_202' title='bbox 845 2818 873 2879; x_wconf 82' lang='lat' dir='ltr'><strong>lt</strong></span> <span class='ocrx_word' id='word_1_203' title='bbox 882 2843 905 2903; x_wconf 79' lang='lat' dir='ltr'><em>y</em></span> <span class='ocrx_word' id='word_1_204' title='bbox 923 2841 941 2878; x_wconf 93' lang='lat' dir='ltr'><strong>a</strong></span> <span class='ocrx_word' id='word_1_205' title='bbox 958 2817 1026 2879; x_wconf 85' lang='lat' dir='ltr'><strong>donc</strong></span> <span class='ocrx_word' id='word_1_206' title='bbox 1045 2830 1102 2879; x_wconf 86' lang='lat' dir='ltr'><strong>tout</strong></span> <span class='ocrx_word' id='word_1_207' title='bbox 1122 2818 1174 2879; x_wconf 84' lang='lat' dir='ltr'><strong>lies</strong></span> <span class='ocrx_word' id='word_1_208' title='bbox 1191 2818 1224 2880; x_wconf 83' lang='lat' dir='ltr'><strong>de</strong></span> <span class='ocrx_word' id='word_1_209' title='bbox 1238 2840 1335 2904; x_wconf 79' lang='lat' dir='ltr'><strong>pensan</strong></span> <span class='ocrx_word' id='word_1_210' title='bbox 1353 2841 1405 2901; x_wconf 75' lang='lat' dir='ltr'><strong>que</strong></span> <span class='ocrx_word' id='word_1_211' title='bbox 1422 2818 1459 2880; x_wconf 84' lang='lat' dir='ltr'><strong>les</strong></span> <span class='ocrx_word' id='word_1_212' title='bbox 1473 2820 1613 2880; x_wconf 85' lang='lat' dir='ltr'><strong>anciennes</strong></span> <span class='ocrx_word' id='word_1_213' title='bbox 1629 2819 1845 2902; x_wconf 71' lang='lat' dir='ltr'><strong>transcriptionis,</strong></span> <span class='ocrx_word' id='word_1_214' title='bbox 1864 2840 1915 2901; x_wconf 76' lang='lat' dir='ltr'><strong>aaa</strong></span> <span class='ocrx_word' id='word_1_215' title='bbox 1934 2819 1971 2879; x_wconf 86' lang='lat' dir='ltr'><strong>las</strong></span> <span class='ocrx_word' id='word_1_216' title='bbox 1986 2820 2100 2904; x_wconf 82' lang='lat' dir='ltr'><strong>capistsa</strong></span> 
     </span>
     <span class='ocr_line' id='line_1_19' title="bbox 511 2921 2099 3007; baseline 0.002 -25"><span class='ocrx_word' id='word_1_217' title='bbox 511 2921 545 2982; x_wconf 82' lang='lat' dir='ltr'><strong>de</strong></span> <span class='ocrx_word' id='word_1_218' title='bbox 559 2944 605 2983; x_wconf 87' lang='lat' dir='ltr'><strong>nas</strong></span> <span class='ocrx_word' id='word_1_219' title='bbox 624 2923 782 2983; x_wconf 72' lang='lat' dir='ltr'><strong>manuscrits</strong></span> <span class='ocrx_word' id='word_1_220' title='bbox 797 2933 842 2982; x_wconf 90' lang='lat' dir='ltr'><strong>ant</strong></span> <span class='ocrx_word' id='word_1_221' title='bbox 856 2944 991 2982; x_wconf 84' lang='lat' dir='ltr'><strong>suessona</strong></span> <span class='ocrx_word' id='word_1_222' title='bbox 1010 2922 1046 2982; x_wconf 83' lang='lat' dir='ltr'><strong>les</strong></span> <span class='ocrx_word' id='word_1_223' title='bbox 1055 2944 1150 3007; x_wconf 72' lang='lat' dir='ltr'><strong>yeaa,</strong></span> <span class='ocrx_word' id='word_1_224' title='bbox 1167 2923 1361 3006; x_wconf 82' lang='lat' dir='ltr'><strong>compcrtaieat</strong></span> <span class='ocrx_word' id='word_1_225' title='bbox 1373 2922 1549 2984; x_wconf 71' lang='lat' dir='ltr'><strong>stas-mssa</strong></span> <span class='ocrx_word' id='word_1_226' title='bbox 1562 2945 1594 2982; x_wconf 85' lang='lat' dir='ltr'><strong>en</strong></span> <span class='ocrx_word' id='word_1_227' title='bbox 1608 2935 1649 2983; x_wconf 85' lang='lat' dir='ltr'><strong>cat</strong></span> <span class='ocrx_word' id='word_1_228' title='bbox 1669 2921 1774 2983; x_wconf 82' lang='lat' dir='ltr'><strong>nadroit</strong></span> <span class='ocrx_word' id='word_1_229' title='bbox 1793 2944 1829 2983; x_wconf 89' lang='lat' dir='ltr'><strong>an</strong></span> <span class='ocrx_word' id='word_1_230' title='bbox 1839 2924 1946 2993; x_wconf 75' lang='lat' dir='ltr'><strong>maai,</strong></span> <span class='ocrx_word' id='word_1_231' title='bbox 1961 2923 2012 3004; x_wconf 71' lang='lat' dir='ltr'><strong>qai</strong></span> <span class='ocrx_word' id='word_1_232' title='bbox 2027 2944 2099 2985; x_wconf 74' lang='lat' dir='ltr'><strong>sm</strong></span> 
     </span>
     <span class='ocr_line' id='line_1_20' title="bbox 510 3023 2099 3111; baseline 0 -25"><span class='ocrx_word' id='word_1_233' title='bbox 510 3026 553 3086; x_wconf 85' lang='lat' dir='ltr'><strong>a&#39;te&#39;</strong></span> <span class='ocrx_word' id='word_1_234' title='bbox 564 3024 738 3087; x_wconf 79' lang='lat' dir='ltr'><strong>dinanensat</strong></span> <span class='ocrx_word' id='word_1_235' title='bbox 751 3025 902 3110; x_wconf 60' lang='lat' dir='ltr'><strong>interprete.</strong></span> <span class='ocrx_word' id='word_1_236' title='bbox 919 3025 994 3088; x_wconf 81' lang='lat' dir='ltr'><strong>MM.</strong></span> <span class='ocrx_word' id='word_1_237' title='bbox 1010 3025 1087 3085; x_wconf 81' lang='lat' dir='ltr'><strong>Pras</strong></span> <span class='ocrx_word' id='word_1_238' title='bbox 1102 3038 1129 3085; x_wconf 85' lang='lat' dir='ltr'><strong>et</strong></span> <span class='ocrx_word' id='word_1_239' title='bbox 1145 3025 1247 3095; x_wconf 67' lang='lat' dir='ltr'><strong>Viatia,</strong></span> <span class='ocrx_word' id='word_1_240' title='bbox 1265 3023 1321 3086; x_wconf 91' lang='lat' dir='ltr'><strong>loc.</strong></span> <span class='ocrx_word' id='word_1_241' title='bbox 1337 3028 1402 3098; x_wconf 77' lang='lat' dir='ltr'><strong>cit,</strong></span> <span class='ocrx_word' id='word_1_242' title='bbox 1415 3038 1461 3086; x_wconf 89' lang='lat' dir='ltr'><strong>ant</strong></span> <span class='ocrx_word' id='word_1_243' title='bbox 1476 3025 1562 3110; x_wconf 81' lang='lat' dir='ltr'><strong>rsjsts&#39;</strong></span> <span class='ocrx_word' id='word_1_244' title='bbox 1572 3025 1600 3086; x_wconf 82' lang='lat' dir='ltr'><strong>la</strong></span> <span class='ocrx_word' id='word_1_245' title='bbox 1612 3025 1685 3103; x_wconf 56' lang='lat' dir='ltr'><strong>hun</strong></span> <span class='ocrx_word' id='word_1_246' title='bbox 1696 3023 1731 3086; x_wconf 85' lang='lat' dir='ltr'><strong>da</strong></span> <span class='ocrx_word' id='word_1_247' title='bbox 1745 3027 1785 3096; x_wconf 96' lang='grc' dir='ltr'><strong>Β,</strong></span> <span class='ocrx_word' id='word_1_248' title='bbox 1798 3047 1851 3108; x_wconf 76' lang='lat' dir='ltr'><strong>aas</strong></span> <span class='ocrx_word' id='word_1_249' title='bbox 1866 3027 1921 3087; x_wconf 82' lang='lat' dir='ltr'><strong>l&#39;aa</strong></span> <span class='ocrx_word' id='word_1_250' title='bbox 1930 3037 1996 3110; x_wconf 82' lang='lat' dir='ltr'><strong>psat</strong></span> <span class='ocrx_word' id='word_1_251' title='bbox 2008 3048 2099 3111; x_wconf 54' lang='lat' dir='ltr'><strong>aspa</strong></span> 
     </span>
     <span class='ocr_line' id='line_1_21' title="bbox 511 3126 2099 3213; baseline 0 -23"><span class='ocrx_word' id='word_1_252' title='bbox 511 3129 576 3190; x_wconf 85' lang='lat' dir='ltr'><strong>dant</strong></span> <span class='ocrx_word' id='word_1_253' title='bbox 592 3129 744 3191; x_wconf 62' lang='lat' dir='ltr'><strong>cassidem</strong></span> <span class='ocrx_word' id='word_1_254' title='bbox 757 3152 821 3189; x_wconf 71' lang='lat' dir='ltr'><strong>amc</strong></span> <span class='ocrx_word' id='word_1_255' title='bbox 833 3128 858 3190; x_wconf 87' lang='lat' dir='ltr'><em>C</em></span> <span class='ocrx_word' id='word_1_256' title='bbox 872 3130 933 3211; x_wconf 76' lang='lat' dir='ltr'><strong>(qai</strong></span> <span class='ocrx_word' id='word_1_257' title='bbox 946 3152 978 3188; x_wconf 83' lang='lat' dir='ltr'><strong>aa</strong></span> <span class='ocrx_word' id='word_1_258' title='bbox 992 3127 1157 3190; x_wconf 76' lang='lat' dir='ltr'><strong>lacantoedit</strong></span> <span class='ocrx_word' id='word_1_259' title='bbox 1164 3151 1215 3211; x_wconf 86' lang='lat' dir='ltr'><strong>pus</strong></span> <span class='ocrx_word' id='word_1_260' title='bbox 1227 3128 1279 3210; x_wconf 85' lang='lat' dir='ltr'><strong>iai)</strong></span> <span class='ocrx_word' id='word_1_261' title='bbox 1294 3150 1396 3190; x_wconf 82' lang='lat' dir='ltr'><strong>conane</strong></span> <span class='ocrx_word' id='word_1_262' title='bbox 1411 3130 1438 3190; x_wconf 87' lang='lat' dir='ltr'><strong>la</strong></span> <span class='ocrx_word' id='word_1_263' title='bbox 1454 3128 1591 3190; x_wconf 75' lang='lat' dir='ltr'><strong>meillaare</strong></span> <span class='ocrx_word' id='word_1_264' title='bbox 1606 3131 1683 3213; x_wconf 83' lang='lat' dir='ltr'><strong>copia</strong></span> <span class='ocrx_word' id='word_1_265' title='bbox 1696 3127 1731 3190; x_wconf 82' lang='lat' dir='ltr'><strong>ds</strong></span> <span class='ocrx_word' id='word_1_266' title='bbox 1744 3141 1820 3190; x_wconf 75' lang='lat' dir='ltr'><strong>noae</strong></span> <span class='ocrx_word' id='word_1_267' title='bbox 1828 3126 1956 3212; x_wconf 74' lang='lat' dir='ltr'><strong>dipidano.</strong></span> <span class='ocrx_word' id='word_1_268' title='bbox 1975 3127 2018 3191; x_wconf 87' lang='lat' dir='ltr'><strong>0r</strong></span> <span class='ocrx_word' id='word_1_269' title='bbox 2031 3151 2099 3197; x_wconf 79' lang='lat' dir='ltr'><strong>naas</strong></span> 
     </span>
     <span class='ocr_line' id='line_1_22' title="bbox 511 3231 2098 3314; baseline -0.001 -21"><span class='ocrx_word' id='word_1_270' title='bbox 511 3256 591 3293; x_wconf 81' lang='lat' dir='ltr'><strong>anons</strong></span> <span class='ocrx_word' id='word_1_271' title='bbox 608 3255 703 3293; x_wconf 77' lang='lat' dir='ltr'><strong>encore</strong></span> <span class='ocrx_word' id='word_1_272' title='bbox 718 3256 791 3314; x_wconf 83' lang='lat' dir='ltr'><strong>pour</strong></span> <span class='ocrx_word' id='word_1_273' title='bbox 805 3232 907 3292; x_wconf 83' lang='lat' dir='ltr'><strong>cloisir</strong></span> <span class='ocrx_word' id='word_1_274' title='bbox 922 3231 948 3292; x_wconf 88' lang='lat' dir='ltr'><strong>la</strong></span> <span class='ocrx_word' id='word_1_275' title='bbox 964 3233 1038 3310; x_wconf 73' lang='lat' dir='ltr'><strong>lecca</strong></span> <span class='ocrx_word' id='word_1_276' title='bbox 1056 3231 1090 3293; x_wconf 82' lang='lat' dir='ltr'><strong>de</strong></span> <span class='ocrx_word' id='word_1_277' title='bbox 1114 3232 1140 3291; x_wconf 89' lang='lat' dir='ltr'><em>B</em></span> <span class='ocrx_word' id='word_1_278' title='bbox 1163 3245 1231 3292; x_wconf 84' lang='lat' dir='ltr'><strong>cette</strong></span> <span class='ocrx_word' id='word_1_279' title='bbox 1248 3244 1328 3293; x_wconf 72' lang='lat' dir='ltr'><strong>anas</strong></span> <span class='ocrx_word' id='word_1_280' title='bbox 1347 3233 1452 3302; x_wconf 72' lang='lat' dir='ltr'><strong>raban,</strong></span> <span class='ocrx_word' id='word_1_281' title='bbox 1468 3232 1582 3294; x_wconf 67' lang='lat' dir='ltr'><strong>ddcisiae</strong></span> <span class='ocrx_word' id='word_1_282' title='bbox 1606 3232 1677 3293; x_wconf 74' lang='lat' dir='ltr'><strong>ulan</strong></span> <span class='ocrx_word' id='word_1_283' title='bbox 1697 3255 1779 3302; x_wconf 84' lang='lat' dir='ltr'><strong>noas,</strong></span> <span class='ocrx_word' id='word_1_284' title='bbox 1801 3254 1852 3314; x_wconf 82' lang='lat' dir='ltr'><strong>qas</strong></span> <span class='ocrx_word' id='word_1_285' title='bbox 1870 3232 1935 3293; x_wconf 86' lang='lat' dir='ltr'><strong>c&#39;sst</strong></span> <span class='ocrx_word' id='word_1_286' title='bbox 1954 3232 2098 3303; x_wconf 64' lang='lat' dir='ltr'><strong>scalam</strong></span> 
     </span>
     <span class='ocr_line' id='line_1_23' title="bbox 512 3332 2099 3420; baseline 0.003 -25"><span class='ocrx_word' id='word_1_287' title='bbox 512 3335 577 3395; x_wconf 80' lang='lat' dir='ltr'><strong>dans</strong></span> <span class='ocrx_word' id='word_1_288' title='bbox 590 3335 618 3396; x_wconf 84' lang='lat' dir='ltr'><strong>la</strong></span> <span class='ocrx_word' id='word_1_289' title='bbox 633 3337 727 3397; x_wconf 76' lang='lat' dir='ltr'><strong>charte</strong></span> <span class='ocrx_word' id='word_1_290' title='bbox 740 3335 774 3394; x_wconf 75' lang='lat' dir='ltr'><strong>ala</strong></span> <span class='ocrx_word' id='word_1_291' title='bbox 784 3335 910 3396; x_wconf 77' lang='lat' dir='ltr'><strong>donativa</strong></span> <span class='ocrx_word' id='word_1_292' title='bbox 923 3333 956 3394; x_wconf 73' lang='lat' dir='ltr'><strong>da</strong></span> <span class='ocrx_word' id='word_1_293' title='bbox 970 3335 1090 3420; x_wconf 80' lang='lat' dir='ltr'><strong>Perrecy</strong></span> <span class='ocrx_word' id='word_1_294' title='bbox 1104 3333 1172 3417; x_wconf 78' lang='lat' dir='ltr'><strong>qu&#39;il</strong></span> <span class='ocrx_word' id='word_1_295' title='bbox 1187 3346 1225 3394; x_wconf 86' lang='lat' dir='ltr'><strong>est</strong></span> <span class='ocrx_word' id='word_1_296' title='bbox 1242 3337 1362 3417; x_wconf 77' lang='lat' dir='ltr'><strong>question</strong></span> <span class='ocrx_word' id='word_1_297' title='bbox 1377 3334 1423 3396; x_wconf 82' lang='lat' dir='ltr'><strong>des</strong></span> <span class='ocrx_word' id='word_1_298' title='bbox 1440 3335 1581 3397; x_wconf 86' lang='lat' dir='ltr'><strong>beneficia</strong></span> <span class='ocrx_word' id='word_1_299' title='bbox 1602 3334 1787 3397; x_wconf 79' lang='lat' dir='ltr'><strong>vassalorum.</strong></span> <span class='ocrx_word' id='word_1_300' title='bbox 1811 3334 1875 3396; x_wconf 85' lang='lat' dir='ltr'><strong>Vair</strong></span> <span class='ocrx_word' id='word_1_301' title='bbox 1890 3332 2049 3411; x_wconf 75' lang='lat' dir='ltr'><strong>cidassuss,</strong></span> <span class='ocrx_word' id='word_1_302' title='bbox 2064 3358 2099 3399; x_wconf 63' lang='lat' dir='ltr'>a</span> 
     </span>
     <span class='ocr_line' id='line_1_24' title="bbox 512 3435 2098 3525; baseline 0.001 -26"><span class='ocrx_word' id='word_1_303' title='bbox 512 3451 586 3508; x_wconf 83' lang='lat' dir='ltr'><strong>acts,</strong></span> <span class='ocrx_word' id='word_1_304' title='bbox 601 3439 782 3522; x_wconf 68' lang='lat' dir='ltr'><strong>ansraynrent</strong></span> <span class='ocrx_word' id='word_1_305' title='bbox 797 3436 830 3497; x_wconf 82' lang='lat' dir='ltr'><strong>de</strong></span> <span class='ocrx_word' id='word_1_306' title='bbox 842 3450 910 3498; x_wconf 87' lang='lat' dir='ltr'><strong>cette</strong></span> <span class='ocrx_word' id='word_1_307' title='bbox 921 3437 1022 3498; x_wconf 81' lang='lat' dir='ltr'><strong>charte.</strong></span> <span class='ocrx_word' id='word_1_308' title='bbox 1039 3476 1080 3483; x_wconf 93' lang='lat'><em>-</em></span> <span class='ocrx_word' id='word_1_309' title='bbox 1095 3435 1124 3489; x_wconf 72' lang='lat' dir='ltr'><strong>(a)</strong></span> <span class='ocrx_word' id='word_1_310' title='bbox 1147 3439 1229 3520; x_wconf 79' lang='lat' dir='ltr'><strong>regni</strong></span> <span class='ocrx_word' id='word_1_311' title='bbox 1244 3441 1334 3500; x_wconf 82' lang='lat' dir='ltr'><strong>nostri</strong></span> <span class='ocrx_word' id='word_1_312' title='bbox 1352 3439 1411 3500; x_wconf 74' lang='grc' dir='ltr'><strong>ΟΒ.</strong></span> <span class='ocrx_word' id='word_1_313' title='bbox 1426 3439 1469 3499; x_wconf 84' lang='lat' dir='ltr'><strong>La</strong></span> <span class='ocrx_word' id='word_1_314' title='bbox 1484 3440 1633 3500; x_wconf 80' lang='lat' dir='ltr'><strong>correction</strong></span> <span class='ocrx_word' id='word_1_315' title='bbox 1645 3442 1723 3522; x_wconf 78' lang='lat' dir='ltr'><strong>regia</strong></span> <span class='ocrx_word' id='word_1_316' title='bbox 1739 3436 1850 3525; x_wconf 77' lang='lat' dir='ltr'><strong>adapte&#39;s</strong></span> <span class='ocrx_word' id='word_1_317' title='bbox 1859 3460 1913 3523; x_wconf 84' lang='lat' dir='ltr'><strong>par</strong></span> <span class='ocrx_word' id='word_1_318' title='bbox 1926 3436 2004 3502; x_wconf 74' lang='grc' dir='ltr'><strong>ΠΜ.</strong></span> <span class='ocrx_word' id='word_1_319' title='bbox 2020 3438 2098 3505; x_wconf 77' lang='lat' dir='ltr'><strong>Pm</strong></span> 
     </span>
     <span class='ocr_line' id='line_1_25' title="bbox 512 3539 2099 3625; baseline 0.003 -23"><span class='ocrx_word' id='word_1_320' title='bbox 512 3557 536 3602; x_wconf 85' lang='lat' dir='ltr'><strong>et</strong></span> <span class='ocrx_word' id='word_1_321' title='bbox 554 3539 657 3611; x_wconf 75' lang='lat' dir='ltr'><strong>Vitia,</strong></span> <span class='ocrx_word' id='word_1_322' title='bbox 678 3541 732 3601; x_wconf 91' lang='lat' dir='ltr'><strong>loc.</strong></span> <span class='ocrx_word' id='word_1_323' title='bbox 751 3543 814 3613; x_wconf 76' lang='lat' dir='ltr'><strong>cit,</strong></span> <span class='ocrx_word' id='word_1_324' title='bbox 833 3564 865 3602; x_wconf 89' lang='lat' dir='ltr'><strong>ne</strong></span> <span class='ocrx_word' id='word_1_325' title='bbox 881 3563 946 3601; x_wconf 83' lang='lat' dir='ltr'><strong>nous</strong></span> <span class='ocrx_word' id='word_1_326' title='bbox 962 3540 1058 3600; x_wconf 78' lang='lat' dir='ltr'><strong>semble</strong></span> <span class='ocrx_word' id='word_1_327' title='bbox 1067 3564 1118 3625; x_wconf 86' lang='lat' dir='ltr'><strong>pus</strong></span> <span class='ocrx_word' id='word_1_328' title='bbox 1130 3540 1284 3603; x_wconf 84' lang='lat' dir='ltr'><strong>ns&#39;cessaire.</strong></span> <span class='ocrx_word' id='word_1_329' title='bbox 1297 3580 1340 3590; x_wconf 92' lang='lat'><em>-</em></span> <span class='ocrx_word' id='word_1_330' title='bbox 1363 3541 1387 3594; x_wconf 59' lang='grc' dir='ltr'><strong>(ἶ)</strong></span> <span class='ocrx_word' id='word_1_331' title='bbox 1410 3542 1600 3603; x_wconf 86' lang='lat' dir='ltr'><strong>annuimusll</strong></span> <span class='ocrx_word' id='word_1_332' title='bbox 1609 3590 1617 3611; x_wconf 88' lang='lat'><em>,</em></span> <span class='ocrx_word' id='word_1_333' title='bbox 1630 3544 1779 3603; x_wconf 89' lang='lat' dir='ltr'><strong>munimus</strong></span> <span class='ocrx_word' id='word_1_334' title='bbox 1791 3541 1856 3603; x_wconf 86' lang='grc' dir='ltr'><strong>ΒΒ.</strong></span> <span class='ocrx_word' id='word_1_335' title='bbox 1868 3578 1912 3589; x_wconf 90' lang='lat'>-</span> <span class='ocrx_word' id='word_1_336' title='bbox 1933 3540 1959 3597; x_wconf 79' lang='grc'><strong>0)</strong></span> <span class='ocrx_word' id='word_1_337' title='bbox 1981 3553 2099 3607; x_wconf 72' lang='lat' dir='ltr'><strong>auu-e</strong></span> 
     </span>
     <span class='ocr_line' id='line_1_26' title="bbox 513 3642 2099 3730; baseline 0.004 -26"><span class='ocrx_word' id='word_1_338' title='bbox 513 3648 602 3730; x_wconf 85' lang='lat' dir='ltr'><strong>partis</strong></span> <span class='ocrx_word' id='word_1_339' title='bbox 615 3645 650 3705; x_wconf 90' lang='lat' dir='ltr'><strong>D.</strong></span> <span class='ocrx_word' id='word_1_340' title='bbox 663 3682 706 3692; x_wconf 92' lang='lat'>—</span> <span class='ocrx_word' id='word_1_341' title='bbox 719 3642 746 3697; x_wconf 79' lang='lat' dir='ltr'><strong>a)</strong></span> <span class='ocrx_word' id='word_1_342' title='bbox 769 3647 851 3726; x_wconf 77' lang='lat' dir='ltr'><strong>regni</strong></span> <span class='ocrx_word' id='word_1_343' title='bbox 867 3647 955 3705; x_wconf 85' lang='lat' dir='ltr'><strong>nostri</strong></span> <span class='ocrx_word' id='word_1_344' title='bbox 968 3643 1006 3711; x_wconf 79' lang='lat' dir='ltr'><strong>C:</strong></span> <span class='ocrx_word' id='word_1_345' title='bbox 1022 3646 1112 3705; x_wconf 84' lang='lat' dir='ltr'><strong>nostri</strong></span> <span class='ocrx_word' id='word_1_346' title='bbox 1131 3647 1198 3705; x_wconf 78' lang='lat' dir='ltr'><strong>anais</strong></span> <span class='ocrx_word' id='word_1_347' title='bbox 1217 3668 1273 3728; x_wconf 81' lang='lat' dir='ltr'><strong>par</strong></span> <span class='ocrx_word' id='word_1_348' title='bbox 1292 3645 1328 3706; x_wconf 94' lang='grc' dir='ltr'><strong>Β.</strong></span> <span class='ocrx_word' id='word_1_349' title='bbox 1348 3682 1391 3694; x_wconf 89' lang='lat'><em>-</em></span> <span class='ocrx_word' id='word_1_350' title='bbox 1412 3644 1434 3698; x_wconf 73' lang='grc' dir='ltr'><strong>(Ι)</strong></span> <span class='ocrx_word' id='word_1_351' title='bbox 1458 3648 1613 3706; x_wconf 84' lang='lat' dir='ltr'><strong>tentaverit</strong></span> <span class='ocrx_word' id='word_1_352' title='bbox 1635 3645 1726 3706; x_wconf 83' lang='grc' dir='ltr'><strong><em>Β.-·</em></strong></span> <span class='ocrx_word' id='word_1_353' title='bbox 1748 3644 1783 3698; x_wconf 76' lang='grc'><strong>(“)</strong></span> <span class='ocrx_word' id='word_1_354' title='bbox 1807 3646 1870 3706; x_wconf 85' lang='lat' dir='ltr'><strong>auri</strong></span> <span class='ocrx_word' id='word_1_355' title='bbox 1890 3643 1979 3706; x_wconf 82' lang='lat' dir='ltr'><strong>libras</strong></span> <span class='ocrx_word' id='word_1_356' title='bbox 2000 3644 2038 3711; x_wconf 73' lang='grc' dir='ltr'><strong>Β.</strong></span> <span class='ocrx_word' id='word_1_357' title='bbox 2054 3680 2099 3693; x_wconf 90' lang='grc'>-</span> 
     </span>
     <span class='ocr_line' id='line_1_27' title="bbox 513 3747 2099 3833; baseline 0.003 -24"><span class='ocrx_word' id='word_1_358' title='bbox 513 3750 540 3801; x_wconf 88' lang='grc'><strong>(·)</strong></span> <span class='ocrx_word' id='word_1_359' title='bbox 564 3748 825 3832; x_wconf 83' lang='lat' dir='ltr'><strong>inconvulsumque</strong></span> <span class='ocrx_word' id='word_1_360' title='bbox 859 3748 919 3810; x_wconf 76' lang='grc' dir='ltr'><strong>ΟΒ.</strong></span> <span class='ocrx_word' id='word_1_361' title='bbox 947 3785 989 3794; x_wconf 77' lang='lat'>—</span> <span class='ocrx_word' id='word_1_362' title='bbox 1006 3747 1032 3802; x_wconf 73' lang='grc'><strong>)·)</strong></span> <span class='ocrx_word' id='word_1_363' title='bbox 1054 3747 1164 3810; x_wconf 87' lang='lat' dir='ltr'><strong>annulo</strong></span> <span class='ocrx_word' id='word_1_364' title='bbox 1184 3748 1298 3810; x_wconf 78' lang='lat' dir='ltr'><em>BCDE.</em></span> <span class='ocrx_word' id='word_1_365' title='bbox 1321 3749 1452 3833; x_wconf 75' lang='lat' dir='ltr'><strong>Canipea</strong></span> <span class='ocrx_word' id='word_1_366' title='bbox 1470 3748 1569 3810; x_wconf 89' lang='lat' dir='ltr'><strong>anulo.</strong></span> <span class='ocrx_word' id='word_1_367' title='bbox 1588 3785 1629 3798; x_wconf 92' lang='lat'><em>-</em></span> <span class='ocrx_word' id='word_1_368' title='bbox 1652 3748 1679 3804; x_wconf 74' lang='grc' dir='ltr'><strong>(Ρ)</strong></span> <span class='ocrx_word' id='word_1_369' title='bbox 1701 3749 1802 3810; x_wconf 84' lang='lat' dir='ltr'><strong>subtus</strong></span> <span class='ocrx_word' id='word_1_370' title='bbox 1828 3747 1980 3811; x_wconf 79' lang='lat' dir='ltr'><strong>firmantes</strong></span> <span class='ocrx_word' id='word_1_371' title='bbox 1999 3748 2038 3813; x_wconf 85' lang='grc' dir='ltr'><strong>Β.</strong></span> <span class='ocrx_word' id='word_1_372' title='bbox 2053 3783 2099 3798; x_wconf 93' lang='lat'>-</span> 
     </span>
     <span class='ocr_line' id='line_1_28' title="bbox 513 3851 1267 3938; baseline 0.004 -29"><span class='ocrx_word' id='word_1_373' title='bbox 513 3855 539 3909; x_wconf 73' lang='lat' dir='ltr'><strong>lt)</strong></span> <span class='ocrx_word' id='word_1_374' title='bbox 561 3852 676 3914; x_wconf 81' lang='lat' dir='ltr'><strong>(lamini</strong></span> <span class='ocrx_word' id='word_1_375' title='bbox 694 3852 756 3914; x_wconf 85' lang='grc' dir='ltr'><strong>ΒΒ.</strong></span> <span class='ocrx_word' id='word_1_376' title='bbox 769 3889 812 3899; x_wconf 92' lang='lat'>-</span> <span class='ocrx_word' id='word_1_377' title='bbox 832 3851 861 3904; x_wconf 77' lang='lat' dir='ltr'><strong>l&#39;l</strong></span> <span class='ocrx_word' id='word_1_378' title='bbox 883 3852 1088 3936; x_wconf 56' lang='lat' dir='ltr'><strong>maranno</strong></span> <span class='ocrx_word' id='word_1_379' title='bbox 1103 3852 1141 3913; x_wconf 88' lang='lat' dir='ltr'><strong>du</strong></span> <span class='ocrx_word' id='word_1_380' title='bbox 1156 3865 1217 3938; x_wconf 78' lang='lat' dir='ltr'><strong>type</strong></span> <span class='ocrx_word' id='word_1_381' title='bbox 1230 3852 1267 3913; x_wconf 78' lang='lat' dir='ltr'><strong>A.</strong></span> 
     </span>
    </p>
   </div>
   <div class='ocr_carea' id='block_1_5' title="bbox 511 4048 1268 5381">
    <p class='ocr_par' dir='ltr' id='par_1_6' title="bbox 511 4048 1268 5381">
     <span class='ocr_line' id='line_1_29' title="bbox 556 4048 1267 4135; baseline 0 -25"><span class='ocrx_word' id='word_1_382' title='bbox 556 4050 581 4094; x_wconf 69' lang='lat'><strong>(¹³</strong></span> <span class='ocrx_word' id='word_1_383' title='bbox 604 4052 646 4111; x_wconf 83' lang='lat' dir='ltr'><strong>Ca</strong></span> <span class='ocrx_word' id='word_1_384' title='bbox 660 4048 790 4135; x_wconf 78' lang='lat' dir='ltr'><strong>diploma</strong></span> <span class='ocrx_word' id='word_1_385' title='bbox 805 4050 842 4109; x_wconf 82' lang='lat' dir='ltr'><strong>de</strong></span> <span class='ocrx_word' id='word_1_386' title='bbox 859 4050 945 4110; x_wconf 81' lang='lat' dir='ltr'><strong>bouis</strong></span> <span class='ocrx_word' id='word_1_387' title='bbox 959 4049 996 4110; x_wconf 88' lang='lat' dir='ltr'><strong>lV</strong></span> <span class='ocrx_word' id='word_1_388' title='bbox 1010 4048 1209 4110; x_wconf 86' lang='lat' dir='ltr'><strong>d&#39;Outre-mer</strong></span> <span class='ocrx_word' id='word_1_389' title='bbox 1221 4060 1267 4110; x_wconf 91' lang='lat' dir='ltr'><strong>est</strong></span> 
     </span>
     <span class='ocr_line' id='line_1_30' title="bbox 513 4152 1267 4240; baseline -0.004 -25"><span class='ocrx_word' id='word_1_390' title='bbox 513 4154 614 4240; x_wconf 87' lang='lat' dir='ltr'><strong>perdu.</strong></span> <span class='ocrx_word' id='word_1_391' title='bbox 623 4190 665 4202; x_wconf 90' lang='lat'>-</span> <span class='ocrx_word' id='word_1_392' title='bbox 678 4153 719 4214; x_wconf 85' lang='lat' dir='ltr'><strong>be</strong></span> <span class='ocrx_word' id='word_1_393' title='bbox 732 4153 870 4214; x_wconf 87' lang='lat' dir='ltr'><strong>domaine</strong></span> <span class='ocrx_word' id='word_1_394' title='bbox 880 4152 918 4213; x_wconf 92' lang='lat' dir='ltr'><strong>de</strong></span> <span class='ocrx_word' id='word_1_395' title='bbox 932 4153 1063 4236; x_wconf 84' lang='lat' dir='ltr'><strong>Perrecy,</strong></span> <span class='ocrx_word' id='word_1_396' title='bbox 1075 4153 1203 4213; x_wconf 57' lang='lat' dir='ltr'><strong>carimde</strong></span> <span class='ocrx_word' id='word_1_397' title='bbox 1214 4174 1267 4238; x_wconf 91' lang='lat' dir='ltr'><strong>par</strong></span> 
     </span>
     <span class='ocr_line' id='line_1_31' title="bbox 519 4256 1265 4356; baseline -0.003 -38"><span class='ocrx_word' id='word_1_398' title='bbox 519 4260 625 4343; x_wconf 83' lang='lat' dir='ltr'><strong>Pepin‚</strong></span> <span class='ocrx_word' id='word_1_399' title='bbox 636 4259 677 4318; x_wconf 89' lang='lat' dir='ltr'><strong>roi</strong></span> <span class='ocrx_word' id='word_1_400' title='bbox 693 4258 891 4356; x_wconf 61' lang='lat' dir='ltr'><strong>d&#39;Afluitaine,</strong></span> <span class='ocrx_word' id='word_1_401' title='bbox 901 4258 965 4339; x_wconf 91' lang='lat' dir='ltr'><strong>puis</strong></span> <span class='ocrx_word' id='word_1_402' title='bbox 980 4279 1032 4340; x_wconf 91' lang='lat' dir='ltr'><strong>par</strong></span> <span class='ocrx_word' id='word_1_403' title='bbox 1043 4257 1129 4316; x_wconf 83' lang='lat' dir='ltr'><strong>bouis</strong></span> <span class='ocrx_word' id='word_1_404' title='bbox 1139 4256 1166 4317; x_wconf 88' lang='lat' dir='ltr'><strong>le</strong></span> <span class='ocrx_word' id='word_1_405' title='bbox 1178 4257 1265 4318; x_wconf 81' lang='lat' dir='ltr'><strong>Pieux</strong></span> 
     </span>
     <span class='ocr_line' id='line_1_32' title="bbox 512 4359 1268 4439; baseline -0.003 -17"><span class='ocrx_word' id='word_1_406' title='bbox 512 4369 527 4422; x_wconf 79' lang='lat' dir='ltr'><strong>a</strong></span> <span class='ocrx_word' id='word_1_407' title='bbox 548 4361 611 4423; x_wconf 87' lang='lat' dir='ltr'><strong>leur</strong></span> <span class='ocrx_word' id='word_1_408' title='bbox 628 4359 716 4421; x_wconf 72' lang='lat' dir='ltr'><strong>fidele</strong></span> <span class='ocrx_word' id='word_1_409' title='bbox 733 4359 846 4421; x_wconf 75' lang='lat' dir='ltr'><strong>Ecbard</strong></span> <span class='ocrx_word' id='word_1_410' title='bbox 869 4360 959 4439; x_wconf 82' lang='lat' dir='ltr'><strong>(Pron</strong></span> <span class='ocrx_word' id='word_1_411' title='bbox 979 4369 1008 4419; x_wconf 90' lang='lat' dir='ltr'><strong>et</strong></span> <span class='ocrx_word' id='word_1_412' title='bbox 1023 4360 1136 4429; x_wconf 82' lang='lat' dir='ltr'><strong>Vidier,</strong></span> <span class='ocrx_word' id='word_1_413' title='bbox 1157 4359 1268 4420; x_wconf 81' lang='lat' dir='ltr'><strong>Recaeil</strong></span> 
     </span>
     <span class='ocr_line' id='line_1_33' title="bbox 511 4462 1265 4533; baseline -0.004 -6"><span class='ocrx_word' id='word_1_414' title='bbox 511 4466 557 4527; x_wconf 76' lang='lat' dir='ltr'><strong>eles</strong></span> <span class='ocrx_word' id='word_1_415' title='bbox 577 4466 682 4527; x_wconf 72' lang='lat' dir='ltr'><strong>eleates</strong></span> <span class='ocrx_word' id='word_1_416' title='bbox 705 4462 738 4523; x_wconf 84' lang='lat' dir='ltr'><strong>de</strong></span> <span class='ocrx_word' id='word_1_417' title='bbox 760 4463 1147 4533; x_wconf 55' lang='lat' dir='ltr'><strong>&amp;inalteravit-sardare,</strong></span> <span class='ocrx_word' id='word_1_418' title='bbox 1172 4472 1212 4525; x_wconf 77' lang='grc' dir='ltr'><strong>η’·</strong></span> <span class='ocrx_word' id='word_1_419' title='bbox 1229 4485 1265 4524; x_wconf 80' lang='lat' dir='ltr'><strong>xx</strong></span> 
     </span>
     <span class='ocr_line' id='line_1_34' title="bbox 512 4565 1266 4652; baseline -0.001 -22"><span class='ocrx_word' id='word_1_420' title='bbox 512 4583 539 4630; x_wconf 84' lang='lat' dir='ltr'><strong>et</strong></span> <span class='ocrx_word' id='word_1_421' title='bbox 554 4574 616 4651; x_wconf 79' lang='lat' dir='ltr'><strong>ur)</strong></span> <span class='ocrx_word' id='word_1_422' title='bbox 639 4570 715 4628; x_wconf 79' lang='lat' dir='ltr'><strong>avait</strong></span> <span class='ocrx_word' id='word_1_423' title='bbox 731 4573 777 4628; x_wconf 76' lang='lat' dir='ltr'><strong>ete</strong></span> <span class='ocrx_word' id='word_1_424' title='bbox 793 4568 892 4628; x_wconf 88' lang='lat' dir='ltr'><strong>donne&#39;</strong></span> <span class='ocrx_word' id='word_1_425' title='bbox 908 4589 1007 4652; x_wconf 87' lang='lat' dir='ltr'><strong>parce</strong></span> <span class='ocrx_word' id='word_1_426' title='bbox 1021 4567 1139 4628; x_wconf 78' lang='lat' dir='ltr'><strong>dernier</strong></span> <span class='ocrx_word' id='word_1_427' title='bbox 1152 4589 1189 4627; x_wconf 90' lang='lat' dir='ltr'><strong>en</strong></span> <span class='ocrx_word' id='word_1_428' title='bbox 1203 4565 1266 4649; x_wconf 82' lang='grc'><strong>876</strong></span> 
     </span>
     <span class='ocr_line' id='line_1_35' title="bbox 513 4671 1267 4757; baseline 0 -25"><span class='ocrx_word' id='word_1_429' title='bbox 513 4681 527 4732; x_wconf 73' lang='lat' dir='ltr'><strong>a</strong></span> <span class='ocrx_word' id='word_1_430' title='bbox 558 4672 690 4757; x_wconf 77' lang='lat' dir='ltr'><strong>l&#39;abbaye</strong></span> <span class='ocrx_word' id='word_1_431' title='bbox 718 4672 756 4732; x_wconf 90' lang='lat' dir='ltr'><strong>de</strong></span> <span class='ocrx_word' id='word_1_432' title='bbox 788 4671 1156 4733; x_wconf 71' lang='lat' dir='ltr'><strong>saint-Renottsunloire.</strong></span> <span class='ocrx_word' id='word_1_433' title='bbox 1187 4671 1267 4732; x_wconf 90' lang='lat' dir='ltr'><strong>Dans</strong></span> 
     </span>
     <span class='ocr_line' id='line_1_36' title="bbox 513 4773 1266 4855; baseline -0.001 -20"><span class='ocrx_word' id='word_1_434' title='bbox 513 4776 540 4836; x_wconf 85' lang='lat' dir='ltr'><strong>ln</strong></span> <span class='ocrx_word' id='word_1_435' title='bbox 560 4777 660 4837; x_wconf 85' lang='lat' dir='ltr'><strong>charte</strong></span> <span class='ocrx_word' id='word_1_436' title='bbox 679 4777 716 4835; x_wconf 87' lang='lat' dir='ltr'><strong>de</strong></span> <span class='ocrx_word' id='word_1_437' title='bbox 733 4776 873 4836; x_wconf 87' lang='lat' dir='ltr'><strong>donation</strong></span> <span class='ocrx_word' id='word_1_438' title='bbox 895 4774 991 4855; x_wconf 73' lang='lat' dir='ltr'><strong>(ibid,</strong></span> <span class='ocrx_word' id='word_1_439' title='bbox 1012 4776 1166 4855; x_wconf 79' lang='lat' dir='ltr'><strong>n·xxv1r),</strong></span> <span class='ocrx_word' id='word_1_440' title='bbox 1186 4773 1206 4834; x_wconf 89' lang='lat' dir='ltr'><strong>il</strong></span> <span class='ocrx_word' id='word_1_441' title='bbox 1223 4784 1266 4835; x_wconf 90' lang='lat' dir='ltr'><strong>est</strong></span> 
     </span>
     <span class='ocr_line' id='line_1_37' title="bbox 512 4878 1267 4962; baseline -0.004 -21"><span class='ocrx_word' id='word_1_442' title='bbox 512 4881 555 4941; x_wconf 89' lang='lat' dir='ltr'><strong>dit</strong></span> <span class='ocrx_word' id='word_1_443' title='bbox 577 4880 693 4941; x_wconf 83' lang='lat' dir='ltr'><strong>donner</strong></span> <span class='ocrx_word' id='word_1_444' title='bbox 717 4878 744 4939; x_wconf 92' lang='lat' dir='ltr'><strong>la</strong></span> <span class='ocrx_word' id='word_1_445' title='bbox 768 4879 831 4939; x_wconf 83' lang='lat' dir='ltr'><strong>silla</strong></span> <span class='ocrx_word' id='word_1_446' title='bbox 852 4901 947 4962; x_wconf 78' lang='lat' dir='ltr'><strong>aquae</strong></span> <span class='ocrx_word' id='word_1_447' title='bbox 967 4879 1074 4940; x_wconf 85' lang='lat' dir='ltr'><strong>dicitur</strong></span> <span class='ocrx_word' id='word_1_448' title='bbox 1093 4881 1267 4941; x_wconf 83' lang='lat' dir='ltr'><strong>Patriciacus</strong></span> 
     </span>
     <span class='ocr_line' id='line_1_38' title="bbox 513 4982 1263 5054; baseline -0.003 -10"><span class='ocrx_word' id='word_1_449' title='bbox 513 5008 579 5044; x_wconf 88' lang='lat' dir='ltr'><strong>rum</strong></span> <span class='ocrx_word' id='word_1_450' title='bbox 603 4982 720 5044; x_wconf 69' lang='lat' dir='ltr'><strong>aculeus</strong></span> <span class='ocrx_word' id='word_1_451' title='bbox 743 4986 773 5042; x_wconf 91' lang='lat' dir='ltr'><strong>in</strong></span> <span class='ocrx_word' id='word_1_452' title='bbox 798 4982 907 5043; x_wconf 81' lang='lat' dir='ltr'><strong>bonore</strong></span> <span class='ocrx_word' id='word_1_453' title='bbox 927 4985 1017 5042; x_wconf 91' lang='lat' dir='ltr'><strong>sancti</strong></span> <span class='ocrx_word' id='word_1_454' title='bbox 1041 4984 1117 5043; x_wconf 86' lang='lat' dir='ltr'><strong>Petri</strong></span> <span class='ocrx_word' id='word_1_455' title='bbox 1142 4995 1263 5054; x_wconf 82' lang='lat' dir='ltr'><strong>sacrata,</strong></span> 
     </span>
     <span class='ocr_line' id='line_1_39' title="bbox 512 5089 1265 5169; baseline 0 -22"><span class='ocrx_word' id='word_1_456' title='bbox 512 5110 581 5148; x_wconf 84' lang='lat' dir='ltr'><strong>cum</strong></span> <span class='ocrx_word' id='word_1_457' title='bbox 595 5090 682 5148; x_wconf 85' lang='lat' dir='ltr'><strong>servis</strong></span> <span class='ocrx_word' id='word_1_458' title='bbox 700 5098 730 5146; x_wconf 79' lang='lat' dir='ltr'><strong>et</strong></span> <span class='ocrx_word' id='word_1_459' title='bbox 748 5089 899 5169; x_wconf 84' lang='lat' dir='ltr'><strong>mancipiis</strong></span> <span class='ocrx_word' id='word_1_460' title='bbox 918 5089 1067 5169; x_wconf 78' lang='lat' dir='ltr'><strong>utrimque</strong></span> <span class='ocrx_word' id='word_1_461' title='bbox 1086 5108 1182 5157; x_wconf 78' lang='lat' dir='ltr'><strong>sexus,</strong></span> <span class='ocrx_word' id='word_1_462' title='bbox 1197 5108 1265 5147; x_wconf 88' lang='lat' dir='ltr'><strong>cum</strong></span> 
     </span>
     <span class='ocr_line' id='line_1_40' title="bbox 511 5188 1264 5273; baseline -0.004 -20"><span class='ocrx_word' id='word_1_463' title='bbox 511 5194 593 5253; x_wconf 90' lang='lat' dir='ltr'><strong>omni</strong></span> <span class='ocrx_word' id='word_1_464' title='bbox 604 5192 784 5273; x_wconf 72' lang='lat' dir='ltr'><strong>integritate.</strong></span> <span class='ocrx_word' id='word_1_465' title='bbox 792 5189 930 5272; x_wconf 77' lang='lat' dir='ltr'><strong>‹pdaquid</strong></span> <span class='ocrx_word' id='word_1_466' title='bbox 938 5189 975 5250; x_wconf 83' lang='lat' dir='ltr'><strong>ad</strong></span> <span class='ocrx_word' id='word_1_467' title='bbox 982 5188 1160 5273; x_wconf 79' lang='lat' dir='ltr'><strong>jamdictam</strong></span> <span class='ocrx_word' id='word_1_468' title='bbox 1167 5189 1264 5250; x_wconf 80' lang='lat' dir='ltr'><strong>vibam</strong></span> 
     </span>
     <span class='ocr_line' id='line_1_41' title="bbox 512 5291 1264 5381; baseline -0.003 -24"><span class='ocrx_word' id='word_1_469' title='bbox 512 5297 614 5381; x_wconf 82' lang='lat' dir='ltr'><strong>aspicit</strong></span> <span class='ocrx_word' id='word_1_470' title='bbox 637 5294 681 5354; x_wconf 80' lang='lat' dir='ltr'><strong>sel</strong></span> <span class='ocrx_word' id='word_1_471' title='bbox 701 5295 828 5378; x_wconf 80' lang='lat' dir='ltr'><strong>aspicere</strong></span> <span class='ocrx_word' id='word_1_472' title='bbox 847 5291 968 5364; x_wconf 77' lang='lat' dir='ltr'><strong>videtur,</strong></span> <span class='ocrx_word' id='word_1_473' title='bbox 989 5314 1057 5353; x_wconf 89' lang='lat' dir='ltr'><strong>cum</strong></span> <span class='ocrx_word' id='word_1_474' title='bbox 1074 5295 1158 5354; x_wconf 83' lang='lat' dir='ltr'><strong>ten-is</strong></span> <span class='ocrx_word' id='word_1_475' title='bbox 1181 5293 1264 5355; x_wconf 76' lang='lat' dir='ltr'><strong>indo</strong></span> 
     </span>
    </p>
   </div>
   <div class='ocr_carea' id='block_1_6' title="bbox 1341 4048 2099 5364">
    <p class='ocr_par' dir='ltr' id='par_1_7' title="bbox 1341 4048 2099 4733">
     <span class='ocr_line' id='line_1_42' title="bbox 1342 4048 2099 4134; baseline 0.003 -25"><span class='ocrx_word' id='word_1_476' title='bbox 1342 4050 1486 4109; x_wconf 87' lang='lat' dir='ltr'><strong>minicatis</strong></span> <span class='ocrx_word' id='word_1_477' title='bbox 1509 4060 1536 4109; x_wconf 88' lang='lat' dir='ltr'><strong>et</strong></span> <span class='ocrx_word' id='word_1_478' title='bbox 1559 4052 1661 4120; x_wconf 83' lang='lat' dir='ltr'><strong>vineis,</strong></span> <span class='ocrx_word' id='word_1_479' title='bbox 1684 4051 1781 4122; x_wconf 80' lang='lat' dir='ltr'><strong>terris,</strong></span> <span class='ocrx_word' id='word_1_480' title='bbox 1802 4051 1891 4134; x_wconf 86' lang='lat' dir='ltr'><strong>pratis</strong></span> <span class='ocrx_word' id='word_1_481' title='bbox 1912 4060 1942 4110; x_wconf 80' lang='lat' dir='ltr'><strong>et</strong></span> <span class='ocrx_word' id='word_1_482' title='bbox 1960 4048 2099 4115; x_wconf 80' lang='lat' dir='ltr'><strong>omnibus</strong></span> 
     </span>
     <span class='ocr_line' id='line_1_43' title="bbox 1343 4151 2097 4237; baseline 0.003 -24"><span class='ocrx_word' id='word_1_483' title='bbox 1343 4152 1512 4237; x_wconf 83' lang='lat' dir='ltr'><strong>adjacentiis</strong></span> <span class='ocrx_word' id='word_1_484' title='bbox 1526 4152 1610 4214; x_wconf 89' lang='lat' dir='ltr'><strong>cultis</strong></span> <span class='ocrx_word' id='word_1_485' title='bbox 1620 4163 1650 4213; x_wconf 89' lang='lat' dir='ltr'><strong>et</strong></span> <span class='ocrx_word' id='word_1_486' title='bbox 1662 4151 1793 4222; x_wconf 85' lang='lat' dir='ltr'><strong>incultis.</strong></span> <span class='ocrx_word' id='word_1_487' title='bbox 1803 4152 1926 4214; x_wconf 80' lang='lat' dir='ltr'><strong>exitibus</strong></span> <span class='ocrx_word' id='word_1_488' title='bbox 1940 4160 1972 4215; x_wconf 84' lang='lat' dir='ltr'><strong>et</strong></span> <span class='ocrx_word' id='word_1_489' title='bbox 1985 4155 2097 4236; x_wconf 56' lang='lat' dir='ltr'><strong>ingr*</strong></span> 
     </span>
     <span class='ocr_line' id='line_1_44' title="bbox 1342 4255 2097 4341; baseline 0.003 -24"><span class='ocrx_word' id='word_1_490' title='bbox 1342 4256 1420 4317; x_wconf 89' lang='lat' dir='ltr'><strong>sibus</strong></span> <span class='ocrx_word' id='word_1_491' title='bbox 1446 4255 1507 4338; x_wconf 79' lang='lat' dir='ltr'><strong>[vel</strong></span> <span class='ocrx_word' id='word_1_492' title='bbox 1536 4258 1690 4341; x_wconf 89' lang='lat' dir='ltr'><strong>quicquid]</strong></span> <span class='ocrx_word' id='word_1_493' title='bbox 1719 4256 1829 4318; x_wconf 85' lang='lat' dir='ltr'><strong>ibidem</strong></span> <span class='ocrx_word' id='word_1_494' title='bbox 1856 4255 1972 4321; x_wconf 75' lang='lat' dir='ltr'><strong>videtu:</strong></span> <span class='ocrx_word' id='word_1_495' title='bbox 1998 4268 2097 4319; x_wconf 70' lang='lat' dir='ltr'><strong>nom</strong></span> 
     </span>
     <span class='ocr_line' id='line_1_45' title="bbox 1341 4358 2096 4446; baseline 0 -25"><span class='ocrx_word' id='word_1_496' title='bbox 1341 4382 1404 4421; x_wconf 87' lang='lat' dir='ltr'><strong>esse</strong></span> <span class='ocrx_word' id='word_1_497' title='bbox 1423 4363 1561 4444; x_wconf 88' lang='lat' dir='ltr'><strong>possessio</strong></span> <span class='ocrx_word' id='word_1_498' title='bbox 1574 4358 1618 4420; x_wconf 84' lang='lat' dir='ltr'><strong>vel</strong></span> <span class='ocrx_word' id='word_1_499' title='bbox 1632 4360 1808 4430; x_wconf 81' lang='lat' dir='ltr'><strong>dominatio,</strong></span> <span class='ocrx_word' id='word_1_500' title='bbox 1825 4371 1886 4421; x_wconf 72' lang='lat' dir='ltr'><strong>um</strong></span> <span class='ocrx_word' id='word_1_501' title='bbox 1899 4382 1935 4421; x_wconf 83' lang='lat' dir='ltr'><strong>aa</strong></span> <span class='ocrx_word' id='word_1_502' title='bbox 1947 4381 2024 4446; x_wconf 75' lang='lat' dir='ltr'><strong>qaae</strong></span> <span class='ocrx_word' id='word_1_503' title='bbox 2041 4381 2096 4421; x_wconf 91' lang='lat' dir='ltr'><strong>nos</strong></span> 
     </span>
     <span class='ocr_line' id='line_1_46' title="bbox 1342 4462 2097 4549; baseline 0.005 -26"><span class='ocrx_word' id='word_1_504' title='bbox 1342 4465 1550 4525; x_wconf 83' lang='lat' dir='ltr'><strong>indominicata</strong></span> <span class='ocrx_word' id='word_1_505' title='bbox 1572 4462 1726 4535; x_wconf 87' lang='lat' dir='ltr'><strong>babemus,</strong></span> <span class='ocrx_word' id='word_1_506' title='bbox 1746 4486 1837 4547; x_wconf 86' lang='lat' dir='ltr'><strong>quam</strong></span> <span class='ocrx_word' id='word_1_507' title='bbox 1853 4466 1945 4525; x_wconf 80' lang='lat' dir='ltr'><strong>etiam</strong></span> <span class='ocrx_word' id='word_1_508' title='bbox 1960 4484 1997 4527; x_wconf 79' lang='lat' dir='ltr'><strong>aa</strong></span> <span class='ocrx_word' id='word_1_509' title='bbox 2019 4486 2097 4549; x_wconf 77' lang='lat' dir='ltr'><strong>quaa</strong></span> 
     </span>
     <span class='ocr_line' id='line_1_47' title="bbox 1343 4565 2096 4631; baseline 0.004 -5"><span class='ocrx_word' id='word_1_510' title='bbox 1343 4567 1442 4629; x_wconf 70' lang='lat' dir='ltr'><strong>nauali</strong></span> <span class='ocrx_word' id='word_1_511' title='bbox 1459 4571 1548 4629; x_wconf 89' lang='lat' dir='ltr'><strong>nostri</strong></span> <span class='ocrx_word' id='word_1_512' title='bbox 1563 4568 1664 4629; x_wconf 87' lang='lat' dir='ltr'><strong>subter</strong></span> <span class='ocrx_word' id='word_1_513' title='bbox 1683 4570 1782 4629; x_wconf 86' lang='lat' dir='ltr'><strong>inserti</strong></span> <span class='ocrx_word' id='word_1_514' title='bbox 1796 4568 1835 4628; x_wconf 88' lang='lat' dir='ltr'><strong>de</strong></span> <span class='ocrx_word' id='word_1_515' title='bbox 1848 4578 1949 4631; x_wconf 55' lang='lat' dir='ltr'><strong>nostru</strong></span> <span class='ocrx_word' id='word_1_516' title='bbox 1962 4565 2052 4629; x_wconf 81' lang='lat' dir='ltr'><strong>aloda</strong></span> <span class='ocrx_word' id='word_1_517' title='bbox 2062 4569 2096 4629; x_wconf 88' lang='lat' dir='ltr'><strong>in</strong></span> 
     </span>
     <span class='ocr_line' id='line_1_48' title="bbox 1342 4671 1787 4733; baseline -0.002 -1"><span class='ocrx_word' id='word_1_518' title='bbox 1342 4671 1485 4732; x_wconf 57' lang='lat' dir='ltr'><strong>bauaima</strong></span> <span class='ocrx_word' id='word_1_519' title='bbox 1500 4672 1607 4732; x_wconf 87' lang='lat' dir='ltr'><strong>babere</strong></span> <span class='ocrx_word' id='word_1_520' title='bbox 1621 4671 1757 4733; x_wconf 81' lang='lat' dir='ltr'><strong>videntur</strong></span> <span class='ocrx_word' id='word_1_521' title='bbox 1766 4699 1787 4731; x_wconf 77' lang='grc' dir='ltr'><strong>ι.</strong></span> 
     </span>
    </p>

    <p class='ocr_par' dir='ltr' id='par_1_8' title="bbox 1341 4772 2099 5364">
     <span class='ocr_line' id='line_1_49' title="bbox 1385 4772 2097 4861; baseline 0 -24"><span class='ocrx_word' id='word_1_522' title='bbox 1385 4774 1413 4818; x_wconf 77' lang='lat'><strong>‹²›</strong></span> <span class='ocrx_word' id='word_1_523' title='bbox 1435 4776 1515 4837; x_wconf 82' lang='lat' dir='ltr'><strong>Dans</strong></span> <span class='ocrx_word' id='word_1_524' title='bbox 1528 4775 1571 4836; x_wconf 86' lang='lat' dir='ltr'><strong>les</strong></span> <span class='ocrx_word' id='word_1_525' title='bbox 1587 4775 1731 4861; x_wconf 82' lang='lat' dir='ltr'><strong>diplomes</strong></span> <span class='ocrx_word' id='word_1_526' title='bbox 1746 4776 1784 4837; x_wconf 85' lang='lat' dir='ltr'><strong>de</strong></span> <span class='ocrx_word' id='word_1_527' title='bbox 1796 4772 1959 4837; x_wconf 71' lang='lat' dir='ltr'><strong>cassat·</strong></span> <span class='ocrx_word' id='word_1_528' title='bbox 1976 4774 2097 4837; x_wconf 74' lang='lat' dir='ltr'><strong>chauve</strong></span> 
     </span>
     <span class='ocr_line' id='line_1_50' title="bbox 1342 4876 2095 4962; baseline 0.004 -24"><span class='ocrx_word' id='word_1_529' title='bbox 1342 4879 1417 4938; x_wconf 86' lang='lat' dir='ltr'><strong>etde</strong></span> <span class='ocrx_word' id='word_1_530' title='bbox 1429 4877 1549 4940; x_wconf 88' lang='lat' dir='ltr'><strong>Cbarles</strong></span> <span class='ocrx_word' id='word_1_531' title='bbox 1558 4878 1585 4940; x_wconf 93' lang='lat' dir='ltr'><strong>le</strong></span> <span class='ocrx_word' id='word_1_532' title='bbox 1599 4879 1711 4962; x_wconf 88' lang='lat' dir='ltr'><strong>Simple</strong></span> <span class='ocrx_word' id='word_1_533' title='bbox 1723 4879 1858 4962; x_wconf 73' lang='lat' dir='ltr'><strong>indiques</strong></span> <span class='ocrx_word' id='word_1_534' title='bbox 1870 4899 1899 4962; x_wconf 86' lang='lat' dir='ltr'><strong>p.</strong></span> <span class='ocrx_word' id='word_1_535' title='bbox 1907 4876 1965 4962; x_wconf 78' lang='lat'><strong>69,</strong></span> <span class='ocrx_word' id='word_1_536' title='bbox 1976 4900 2007 4940; x_wconf 82' lang='lat' dir='ltr'><strong>n.</strong></span> <span class='ocrx_word' id='word_1_537' title='bbox 2021 4899 2095 4949; x_wconf 60' lang='lat' dir='ltr'><strong>nou</strong></span> 
     </span>
     <span class='ocr_line' id='line_1_51' title="bbox 1341 4980 2097 5053; baseline 0.004 -12"><span class='ocrx_word' id='word_1_538' title='bbox 1341 4981 1376 5042; x_wconf 92' lang='lat' dir='ltr'><strong>lit</strong></span> <span class='ocrx_word' id='word_1_539' title='bbox 1393 5007 1400 5041; x_wconf 75' lang='grc' dir='ltr'><strong><em>ε</em></strong></span> <span class='ocrx_word' id='word_1_540' title='bbox 1417 4981 1643 5044; x_wconf 78' lang='lat' dir='ltr'><strong>aCastellionenr</strong></span> <span class='ocrx_word' id='word_1_541' title='bbox 1658 5006 1726 5043; x_wconf 91' lang='lat' dir='ltr'><strong>cum</strong></span> <span class='ocrx_word' id='word_1_542' title='bbox 1742 4981 1908 5053; x_wconf 84' lang='lat' dir='ltr'><strong>Pincdello‚</strong></span> <span class='ocrx_word' id='word_1_543' title='bbox 1927 4980 2097 5045; x_wconf 82' lang='lat' dir='ltr'><strong>Pauliacum</strong></span> 
     </span>
     <span class='ocr_line' id='line_1_52' title="bbox 1341 5082 2098 5153; baseline 0.004 -7"><span class='ocrx_word' id='word_1_544' title='bbox 1341 5085 1473 5147; x_wconf 87' lang='lat' dir='ltr'><strong>similiter</strong></span> <span class='ocrx_word' id='word_1_545' title='bbox 1488 5108 1557 5146; x_wconf 86' lang='lat' dir='ltr'><strong>cam</strong></span> <span class='ocrx_word' id='word_1_546' title='bbox 1570 5097 1653 5147; x_wconf 72' lang='lat' dir='ltr'><strong>cane</strong></span> <span class='ocrx_word' id='word_1_547' title='bbox 1668 5086 1796 5147; x_wconf 70' lang='lat' dir='ltr'><strong>Marindi</strong></span> <span class='ocrx_word' id='word_1_548' title='bbox 1805 5111 1831 5153; x_wconf 71' lang='lat' dir='ltr'><strong>ss</strong></span> <span class='ocrx_word' id='word_1_549' title='bbox 1846 5087 1916 5149; x_wconf 81' lang='lat' dir='ltr'><strong>c&#39;ast</strong></span> <span class='ocrx_word' id='word_1_550' title='bbox 1931 5084 2011 5148; x_wconf 69' lang='lat' dir='ltr'><strong>dina</strong></span> <span class='ocrx_word' id='word_1_551' title='bbox 2022 5082 2098 5148; x_wconf 70' lang='lat' dir='ltr'><strong>ffl-</strong></span> 
     </span>
     <span class='ocr_line' id='line_1_53' title="bbox 1341 5188 2099 5275; baseline 0.004 -27"><span class='ocrx_word' id='word_1_552' title='bbox 1341 5189 1425 5251; x_wconf 90' lang='lat' dir='ltr'><strong>tillon</strong></span> <span class='ocrx_word' id='word_1_553' title='bbox 1453 5211 1521 5250; x_wconf 83' lang='lat' dir='ltr'><strong>avec</strong></span> <span class='ocrx_word' id='word_1_554' title='bbox 1547 5188 1755 5263; x_wconf 77' lang='lat' dir='ltr'><strong>aPinoddlos,</strong></span> <span class='ocrx_word' id='word_1_555' title='bbox 1781 5200 1812 5251; x_wconf 82' lang='lat' dir='ltr'><strong>et</strong></span> <span class='ocrx_word' id='word_1_556' title='bbox 1832 5210 1893 5253; x_wconf 84' lang='lat' dir='ltr'><strong>nun</strong></span> <span class='ocrx_word' id='word_1_557' title='bbox 1908 5188 2003 5275; x_wconf 61' lang='lat' dir='ltr'><strong>tait,</strong></span> <span class='ocrx_word' id='word_1_558' title='bbox 2026 5210 2099 5251; x_wconf 74' lang='lat' dir='ltr'><strong>am</strong></span> 
     </span>
     <span class='ocr_line' id='line_1_54' title="bbox 1341 5292 1941 5364; baseline 0.01 -15"><span class='ocrx_word' id='word_1_559' title='bbox 1341 5292 1515 5355; x_wconf 77' lang='lat' dir='ltr'><strong>«Pinedello</strong></span> <span class='ocrx_word' id='word_1_560' title='bbox 1524 5321 1547 5364; x_wconf 81' lang='grc' dir='ltr'><strong>ι,</strong></span> <span class='ocrx_word' id='word_1_561' title='bbox 1561 5295 1676 5355; x_wconf 72' lang='lat' dir='ltr'><strong>micant</strong></span> <span class='ocrx_word' id='word_1_562' title='bbox 1687 5316 1736 5355; x_wconf 87' lang='lat' dir='ltr'><strong>ces</strong></span> <span class='ocrx_word' id='word_1_563' title='bbox 1748 5292 1829 5357; x_wconf 75' lang='lat' dir='ltr'><strong>dm</strong></span> <span class='ocrx_word' id='word_1_564' title='bbox 1839 5302 1941 5355; x_wconf 70' lang='lat' dir='ltr'><strong>tastu.</strong></span> 
     </span>
    </p>
   </div>
   <div class='ocr_carea' id='block_1_7' title="bbox 0 0 2546 6434">
    <p class='ocr_par' dir='ltr' id='par_1_9' title="bbox 0 0 2546 6434">
     <span class='ocr_line' id='line_1_55' title="bbox 0 0 2546 6434; baseline 0 1"><span class='ocrx_word' id='word_1_565' title='bbox 0 0 2546 6434; x_wconf 95' lang='lat' dir='ltr'><strong> </strong></span> 
     </span>
    </p>
   </div>
  </div>
 </body>
</html>
