5084 6434
553 700 622 772 ttr0
1180 704 1332 775 lC'l'llS
1366 704 1502 775 l'lUll.
2018 710 2131 811 [967]

545 882 692 960 diatunr,
714 888 747 952 in
772 887 875 980 ipsius
903 883 1018 978 prelati
1045 883 1150 954 lidelis
1176 888 1280 953 nostri
1303 887 1435 953 comitis
1456 883 1589 957 Odonis
1611 889 1776 956 comitatu
1794 887 1948 959 Dunensi
1969 904 2072 985 atque
2091 916 2131 961 ex

546 1006 696 1098 ejusdem
725 1005 905 1081 beneficio,
935 1008 1139 1075 auctoritatis
1167 1021 1279 1075 nostro
1303 1022 1464 1103 precepto
1492 1032 1553 1103 per
1582 1004 1695 1077 lutura
1727 1023 1923 1106 temporum
1955 1013 2069 1108 spacia
2094 1014 2130 1081 in

481 1188 484 1196 .
547 1131 720 1223 precinctu
742 1132 963 1197 muniremus.
988 1127 1235 1223 l’rrpendentcs
1251 1131 1386 1224 pietatis
1402 1131 1543 1207 intuitu,
1564 1129 1714 1225 pervigili
1734 1129 1974 1210 meditacione.
1996 1131 2130 1204 cultum

545 1250 657 1320 dirine
681 1252 849 1346 religionis
870 1254 960 1347 pacis
985 1266 1017 1319 et
1037 1250 1158 1321 silentii
1170 1247 1196 1301 et
1217 1248 1416 1320 muneribus
1437 1249 1575 1321 indultis
1594 1266 1671 1321 ante
1690 1252 1753 1322 Dei
1774 1253 1890 1324 oculos
1905 1257 2033 1350 jugiter
2050 1280 2130 1352 pm·

508 1387 523 1438 5
546 1376 643 1447 licere
661 1380 695 1446 in
714 1389 950 1470 augmentum,
978 1377 1201 1469 perseveranti
1227 1399 1365 1469 quoque
1391 1376 1546 1469 quietatis
1555 1368 1583 1425 st)
1601 1377 1710 1444 amice
1735 1390 1852 1447 tenore
1877 1378 2130 1449 monasteriales

543 1496 769 1595 ‹litigentiust‘t
796 1512 828 1566 et
855 1495 1084 1567 delectabilius
1093 1490 1121 1546 “¹¹
1148 1522 1217 1565 esse
1247 1521 1381 1592 semper
1410 1521 1579 1567 memores
1607 1499 1774 1568 interioris
1798 1499 1966 1581 custodie,
1990 1500 2131 1572 Christo

544 1623 685 1691 donnino
698 1634 882 1699 annuente,
894 1616 1050 1714 prelibati
1064 1621 1201 1687 oratorii
1210 1616 1234 1669 ‘fl
1245 1616 1481 1688 cenobitarum
1498 1622 1543 1714 pii
1554 1622 1665 1715 operis
1678 1617 1844 1691 fructibus
1853 1624 1890 1691 in
1904 1622 2090 1720 perhennis
2099 1616 2129 1675 (ἢ

545 1747 758 1841 perceptione
766 1739 794 1794 (ὅ)
821 1741 961 1811 remedii
990 1739 1201 1811 confidenter
1230 1755 1446 1836 preoptantes
1454 1736 1484 1792 μ’)
1507 1756 1538 1810 et
1568 1739 1762 1839 optabiliter
1783 1769 1846 1814 nos
1872 1746 2128 1817 communicare

544 1866 764 1947 considentes,
788 1868 831 1941 si,
854 1879 891 1933 ut
913 1891 932 1932 a
954 1862 1046 1933 srdeli
1070 1878 1184 1931 nostro
1209 1878 1310 1958 atque
1334 1863 1457 1933 dilecto
1479 1866 1635 1961 superius
1657 1868 1835 1936 nominato
1857 1870 1982 1939 comite
2002 1866 2128 1941 Odone

491 2025 523 2058 ιο
545 1989 664 2059 humili
689 1986 866 2085 petebatur
890 1985 1092 2066 devocione,
1117 2010 1177 2080 per
1200 1985 1361 2056 diuuuua
1383 1985 1576 2056 seculorum
1601 1989 1712 2083 spacia
1737 1985 1780 2057 ah
1800 1988 1928 2060 eisdem
1950 1988 2128 2061 monachis

545 2113 702 2208 regularis
710 2107 733 2165 (l
739 2107 996 2208 propugnaculo
1008 2110 1235 2222 institucionis
1245 2123 1358 2177 nostre
1372 2106 1520 2178 l'orenses
1535 2107 1742 2180 arcebuntur
1753 2113 1979 2207 querimonie,
1992 2136 2128 2210 semper

544 2235 728 2304 invidentes
750 2234 856 2329 quieti
877 2230 1092 2327 professionis
1115 2233 1314 2311 monastice,
1338 2229 1496 2327 precibus
1517 2234 1637 2325 ipsius,
1659 2231 1814 2303 videlieet
1831 2232 1989 2330 sepedicti
2018 2232 2127 2306 lidelis

544 2361 647 2426 nostri
666 2355 871 2426 dilectissimi
892 2355 1023 2423 comitis
1043 2349 1190 2431 Odonis,
1206 2352 1443 2449 adquievimus
1460 2350 1690 2423 libentissime,
1709 2353 1816 2450 Igitur
1834 2353 2072 2439 favorabiliter,
2088 2372 2125 2428 ut

543 2479 671 2548 dictum
693 2493 756 2558 est,
780 2475 988 2572 supplicibus
1008 2479 1093 2545 votis
1110 2475 1266 2570 jamdicti
1290 2473 1398 2545 fidelis
1416 2479 1521 2546 nostri
1538 2474 1672 2573 Odonis
1690 2480 1823 2547 comitis
1843 2476 2055 2560 aecedentes,
2080 2476 2128 2551 ob

491 2610 520 2660 ιδ
544 2617 692 2671 nostram
712 2615 745 2669 et
767 2624 863 2669 suam
885 2600 987 2693 ipsius
1004 2596 1216 2666 aetemaliter
1229 2592 1254 2647 ὓ)
1269 2598 1305 2666 in
1323 2592 1586 2693 suprascriptos*
1600 2601 1805 2669 monastello
1825 2603 2029 2671 memoriam
2046 2626 2126 2672 con·

541 2720 754 2804 servandam,
767 2725 845 2817 jure
864 2720 981 2815 regalis
996 2717 1143 2789 efficacia
1162 2717 1386 2799 instituenda,
1401 2718 1591 2789 stabilimus
1606 2734 1639 2789 et
1652 2719 1696 2791 ad
1715 2715 1847 2792 totiusll
1864 2723 2029 2793 noticiam
2046 2748 2123 2819 pos

541 2848 678 2914 teritatis
699 2844 886 2914 litterarum
909 2844 1005 2912 seriei
1025 2839 1156 2911 tradere
1168 2843 1376 2938 precipimus
1385 2837 1422 2893 Β)
1435 2844 1597 2938 quatinus
1616 2868 1635 2911 a
1652 2842 1707 2912 die
1724 2846 1871 2939 presenti
1892 2846 1927 2913 in
1950 2843 2124 2941 reliquum

538 2994 637 3037 «evuin
656 2992 767 3064 neque
784 2968 855 3063 ipse
870 2979 928 3035 aut
941 2964 1063 3060 aliqu‘s
1076 2963 1235 3059 judicum
1250 2966 1286 3033 in
1303 2967 1450 3060 presenti
1468 2990 1527 3034 seu
1546 2967 1581 3033 in
1595 2963 1751 3035 futurum
1767 2964 1896 3062 aliquid
1914 2966 2039 3037 homan
2055 2992 2123 3065 que

538 3106 595 3159 :rut
622 3091 734 3185 legum
759 3089 947 3161 dictacionc
969 3100 1027 3157 aut
1051 3089 1124 3182 ipso
1150 3112 1214 3156 usu
1238 3089 1397 3157 existente
1421 3084 1635 3181 adjudices,
1656 3090 1812 3171 comites,
1834 3090 2049 3161 vicecomites
2070 3088 2124 3161 vel

483 3247 516 3280 πο
538 3215 677 3282 vicarios
691 3211 744 3281 vel
763 3210 807 3281 ad
827 3207 997 3306 quoslibet
1014 3209 1256 3303 multiplicium
1276 3206 1527 3305 professionum
1544 3207 1705 3280 officiales
1724 3209 1887 3281 dietmtur
1904 3213 2071 3308 respicere
2086 3215 2121 3283 in

537 3337 667 3403 carnotis
687 3331 813 3402 finibus
834 3355 955 3401 eorum
972 3357 1039 3425 que
1061 3330 1104 3401 ad
1127 3329 1319 3426 predictum
1339 3333 1536 3402 monasterii
1557 3329 1743 3401 dictionem
1760 3357 1819 3402 sen
1836 3334 2083 3430 possessionem
2092 3332 2123 3388 I'I

537 3459 705 3550 pertinent
725 3468 783 3524 aut
797 3456 982 3549 respiciunt
996 3452 1047 3520 rel
1067 3451 1301 3545 religiosorum
1310 3450 1336 3503 Β)
1350 3451 1470 3522 devota
1488 3451 1665 3523 oblacione
1678 3480 1740 3549 per
1756 3452 1869 3524 lutura
1884 3468 2040 3552 tempora
2057 3458 2121 3555 ipsi

536 3576 739 3673 adjacebunt
758 3577 872 3648 divina
893 3577 998 3670 gratia
1017 3577 1215 3672 inspirante,
1241 3574 1309 3645 ulla
1332 3579 1460 3645 ratione
1469 3574 1507 3657 lli,
1521 3575 1592 3645 ullo
1615 3591 1766 3673 tempore
1785 3591 1961 3674 presumat
1976 3580 2118 3675 exigere.

534 3698 753 3796 Quapropter
771 3701 878 3770 tocius
892 3697 1071 3769 christiane
1087 3698 1213 3767 milicie
1228 3702 1404 3792 generacio
1425 3701 1562 3767 instanti
1583 3698 1800 3795 subsequenti
1815 3696 1991 3797 quoque&J
2004 3700 2122 3773 seculo

481 3833 513 3881 ³5·
536 3822 674 3919 [noscat]
691 3823 784 3919 quod
800 3836 940 3919 propter
957 3818 1160 3891 ineffabilem
1177 3836 1290 3890 sancte
1304 3846 1342 3889 ac
1358 3819 1533 3892 individue
1546 3820 1718 3891 Trinitatis
1737 3818 1936 3904 amoreml‘),
1950 3820 1995 3895 ad
2010 3821 2121 3895 taher-

535 3945 645 4016 naculi
672 3945 776 4041 glorie
797 3947 902 4041 ipsius
919 3958 1122 4042 perpetuum
1153 3942 1328 4023 decorem,
1358 3969 1421 4039 pro
1450 3943 1610 4013 diuturna
1639 3943 1885 4015 monachorum
1913 3946 2028 4043 quiete
2054 3970 2119 4043 pro

533 4071 710 4139 communi
726 4070 882 4138 omnium
897 4065 1016 4164 Xpisto
1034 4065 1176 4136 domino
1194 4068 1377 4135 eternitatis
1392 4092 1450 4161 spe
1466 4066 1707 4145 rnilitancium,
1724 4091 1788 4162 pro
1800 4064 2018 4164 adipiscenda
2033 4092 2120 4165 paee

533 4206 744 4271 sanctorum,
771 4188 981 4261 decrevimus
1003 4191 1098 4259 omni
1123 4190 1252 4284 pietatis
1277 4187 1405 4265 studio,
1432 4214 1500 4284 que
1522 4186 1565 4257 ad
1588 4190 1703 4258 omnia
1728 4188 1819 4259 utilis
1841 4186 2056 4288 approbatur
2077 4214 2118 4261 ac

534 4313 699 4408 prolicua,
717 4339 851 4383 summa
867 4311 1016 4403 invigilet
1030 4309 1238 4381 consulare.¹-'J
1249 4309 1398 4390 solercia,
1414 4335 1456 4379 ne
1466 4310 1594 4406 aliqua,
1608 4325 1646 4380 ut
1658 4336 1711 4380 res
1723 4312 1808 4407 erdgi
1820 4309 1943 4392 solent,
1956 4312 2118 4383 existente

476 4440 602 4506 sosine
631 4437 703 4507 Deo
728 4434 928 4531 cupiditate,
959 4429 1191 4503 ‹atarnnurit't
1223 4431 1406 4528 violarique
1447 4429 1690 4529 permittantl'l.
1722 4430 1837 4522 Quam
1869 4435 1979 4505 eciam
2008 4434 2117 4505 nostri

576 4687 597 4739 '¹2¹
620 4686 730 4748 silencii
747 4686 779 4748 C.
794 4721 837 4733 -
852 4684 876 4738 (Β,
901 4688 1007 4769 quietis
1025 4687 1057 4745 C.
1078 4723 1116 4731 —
1130 4684 1152 4735 I‘)
1174 4684 1356 4769 dilligentius
1374 4685 1414 4751 B,
1435 4682 1608 4766 diligencius
1629 4686 1660 4743 C.
1674 4719 1715 4730 -
1734 4681 1761 4735 θ’)
1784 4681 1997 4745 detloetahilios
2013 4682 2053 4745 Β.
2071 4717 2115 4731 -

571 4790 631 4851 tlor
644 4790 751 4852 ittettte
762 4788 828 4849 daus
844 4791 870 4850 Β
879 4815 886 4857 ;
902 4791 987 4850 oracii
1004 4789 1028 4850 C
1040 4812 1047 4848 :
1064 4789 1127 4849 e'cst
1141 4787 1315 4848 e'aidemmeut
1328 4788 1466 4871 unejoute
1482 4786 1514 4848 de
1529 4787 1642 4855 lecture,
1656 4785 1799 4870 qu’iljarrt
1811 4788 1933 4871 corriger
1946 4808 1979 4847 sn
1994 4788 2120 4849 maurit

529 4894 581 4976 (rs.
595 4894 619 4955 le
630 4894 745 4978 dipidano
758 4916 829 4978 pour
839 4891 1004 4955 Sciet-Piae
1017 4893 1051 4951 de
1064 4890 1205 4958 Choatres,
1220 4898 1248 4950 η’
1263 4888 1414 4971 LXVIII).
1426 4926 1468 4937 -
1482 4888 1507 4944 ‘Il
1519 4889 1662 4975 perhenni
1674 4889 1707 4952 Β.
1723 4926 1765 4937 -
1780 4887 1808 4943 (Ι)
1823 4890 2014 4975 pempeioue
2026 4890 2060 4953 C.
2070 4924 2114 4941 -

530 4996 556 5047 ¹¹¹}
581 5007 741 5081 spertames
757 4999 843 5057 B.-
857 4995 878 5049 ίη
895 4995 1034 5077 regularis
1049 4997 1115 5054 omis
1128 5018 1181 5077 par
1197 4995 1282 5055 C.—-
1296 4991 1321 5048 li)
1336 4993 1504 5055 eternaliter
1520 4994 1602 5053 C-
1616 4993 1634 5035 (ι
1659 4995 1818 5078 prescripto
1833 4992 1866 5054 C.
1879 5028 1922 5041 —
1935 4990 1957 5045 Il
1972 4995 2067 5055 socias
2079 4992 2112 5057 C.

528 5135 570 5147 -
588 5099 620 5151 {²¹¹
644 5103 824 5186 precepimus
837 5100 871 5160 Β.
880 5134 922 5149 -
937 5100 955 5137 '¹²
986 5099 1185 5184 processionem
1196 5096 1227 5157 C.
1242 5132 1284 5144 -
1297 5095 1323 5151 Β)
1339 5096 1551 5177 relligiosorum
1565 5098 1600 5157 Β.
1614 5132 1656 5144 -
1671 5096 1699 5151 ‘tl
1716 5098 1833 5158 melone
1844 5096 1877 5159 0.
1889 5130 1934 5145 -
1947 5092 1977 5153 (ἱ)
1991 5118 2113 5182 quoque

527 5206 594 5263 «iniis
606 5226 660 5286 pur
675 5204 711 5263 Β.
723 5239 765 5250 -
781 5201 806 5253 “I
830 5203 980 5263 admoram
1001 5203 1032 5260 ll.
1049 5240 1086 5246 -
1097 5200 1119 5235 ‘⁸¹
1143 5200 1290 5261 consolme
1305 5201 1364 5262 BC.
1389 5203 1522 5283 (ocupa
1535 5200 1694 5262 consulare.
1709 5236 1751 5249 -
1768 5199 1791 5253 (Β
1812 5199 2004 5285 calumpniari
2020 5200 2054 5263 C.
2068 5234 2114 5249 -

528 5306 554 5361 (¹)
577 5308 749 5393 pennirtant
762 5306 794 5367 (ἱ
844 5312 853 5321 ’
