5084 6434
385 717 454 786 no
1029 711 1304 784 eorumne.
1850 716 1965 815 [982]

381 897 507 992 pinellus
520 894 566 964 ihi
583 895 820 972 deservientes,
835 917 927 960 nunc
941 916 1034 961 versa
1051 894 1139 973 vice,
1158 895 1323 987 quoniam
1334 917 1405 962 sors
1416 895 1532 963 omnia
1545 908 1669 974 versat,
1685 893 1847 966 tredecim
1864 920 1966 966 cano

381 1022 462 1087 uiris
478 1022 714 1096 instauratum,
732 1014 842 1085 eidem
868 1011 1033 1083 coenobio
1050 1012 1260 1095 attribueret,
1278 1018 1322 1084 ita
1336 1029 1374 1084 ut
1388 1012 1514 1085 amodo
1531 1029 1602 1085 tam
1617 1017 1691 1113 ipsa
1708 1014 1843 1086 abbatia
1859 1043 1965 1115 quam

380 1142 531 1209 carroniei
548 1163 735 1233 eorumque
747 1134 958 1232 praebendae
978 1133 1152 1207 abbatissis
1180 1134 1359 1233 saepedicti
1384 1134 1540 1208 coenobii
1565 1162 1646 1208 cum
1663 1140 1851 1234 integritate
1868 1142 1964 1210 omni

381 1261 571 1355 orttjaeeant
586 1263 699 1355 sieque
714 1258 778 1328 loci
793 1261 1041 1355 opportunitas,
1053 1274 1166 1330 nostra
1177 1285 1258 1329 cum
1277 1258 1336 1329 Dei
1349 1259 1474 1329 auxilio
1487 1262 1736 1356 supervenienti
1751 1263 1965 1341 auctoritate,

343 1413 356 1439 α
381 1387 503 1470 integra
522 1384 683 1451 existeret.
703 1381 807 1476 igitur
820 1384 979 1476 petitione
991 1396 1142 1477 accepta,
1162 1381 1373 1452 decrevimus
1383 1380 1491 1451 lidelis
1501 1397 1648 1461 nostrae,
1662 1384 1717 1451 cui
1732 1382 1836 1452 nichil
1852 1398 1965 1453 ratum

381 1529 498 1593 inpane
516 1502 564 1572 ias
574 1503 786 1599 judicamus,
802 1505 952 1598 petitioni
969 1502 1171 1584 satisfacere,
1184 1529 1263 1573 cum
1275 1528 1386 1599 neque
1396 1506 1496 1573 matri
1506 1506 1580 1599 ejus
1592 1528 1704 1600 neque
1713 1502 1807 1574 fratri
1820 1505 1967 1576 velimus

379 1628 554 1694 contraire.
567 1627 601 1697 Si
613 1629 688 1721 quis
699 1625 792 1695 hunc
806 1625 918 1695 locum
930 1681 937 1705 ,
949 1640 1060 1695 nostra
1076 1627 1272 1695 auctoritate
1282 1624 1478 1705 fundatum,
1491 1627 1678 1721 inquietare
1690 1629 1965 1724 praesumpserit,

381 1747 479 1816 libras
494 1750 567 1815 auri
584 1764 721 1818 centum
739 1747 910 1828 multetur,
931 1747 1143 1818 medietatem
1166 1750 1370 1817 monasterio
1385 1748 1573 1843 praedicto,
1593 1772 1745 1817 camerae
1763 1763 1897 1819 nostrae
1918 1749 1967 1819 al·

382 1888 500 1945 teratu,
517 1885 638 1965 coepto
655 1869 816 1940 desistens
827 1884 928 1965 atque
946 1868 1166 1939 anathematis
1185 1873 1289 1939 sancti
1315 1869 1459 1964 Spiritus
1476 1884 1754 1966 sanctorumque,
1771 1885 1966 1941 sanctarum

343 2033 359 2059 .·
381 1996 479 2062 etium
498 1990 634 2061 feriatur
649 2007 681 2061 et
691 1993 907 2088 dampnetur.
924 1992 1111 2062 Statuimus
1126 2016 1204 2087 ergo
1220 2008 1251 2061 et
1268 2007 1380 2062 nostra
1398 1995 1594 2063 auctoritate
1612 1993 1701 2087 regia
1720 1991 1968 2063 confirmamus

381 2115 422 2183 :nl
442 2114 537 2183 illurn
561 2116 661 2182 etiarn
685 2113 799 2184 locuni
820 2115 935 2183 omnia
955 2139 1043 2210 quae
1060 2117 1129 2183 sive
1153 2128 1261 2183 mater
1286 2116 1354 2183 sire
1378 2111 1467 2183 filius
1489 2112 1662 2184 contulere
1686 2139 1746 2185 seu
1763 2140 1831 2211 que
1850 2112 1968 2186 fideles

382 2237 533 2307 collaturi
550 2251 641 2314 sunt,
662 2251 730 2305 tam
741 2239 776 2305 in
790 2238 996 2306 ornamentis
1011 2235 1238 2306 ecclesiasticis
1253 2262 1359 2332 quam
1374 2238 1410 2305 in
1428 2233 1588 2306 aediliciis
1605 2238 1735 2306 circum
1753 2251 1786 2307 et
1798 2251 1890 2307 extra
1908 2260 1969 2333 po·

382 2362 466 2440 sitis,
492 2357 653 2439 ecclesiis,
680 2358 765 2429 villis
785 2372 817 2428 et
840 2356 1000 2428 omnibus
1025 2358 1182 2453 legitimis
1207 2358 1430 2454 appendiciis,
1453 2358 1650 2429 inconvulse
1671 2358 1833 2441 tenenda,
1853 2360 1968 2455 quiete

384 2479 599 2576 possidenda,
623 2483 717 2550 «imni
744 2480 977 2577 inquietudine
1003 2480 1141 2551 seclusa.
1160 2480 1202 2551 Ut
1218 2495 1333 2550 autem
1350 2479 1435 2550 haec
1459 2495 1592 2551 nostrae
1606 2482 1798 2551 statutionis
1811 2506 1874 2553 seu
1886 2505 1969 2553 con·

346 2615 360 2663 ῑι
384 2605 543 2674 sensionis
559 2605 736 2673 auctoritas
747 2605 884 2698 naaj0ris
893 2629 955 2699 per
967 2602 1179 2674 succedentia
1194 2616 1390 2698 temporum
1404 2602 1571 2673 curricula
1589 2617 1673 2672 esset
1689 2600 1838 2685 roboris,
1855 2601 1923 2675 hcc
1936 2604 1967 2673 ei

383 2721 532 2796 exindel‘l
546 2728 714 2821 praecepti
733 2728 835 2795 nostri
849 2728 1014 2821 scriptum
1026 2724 1097 2795 lieri
1107 2723 1164 2821 [et]
1180 2722 1292 2795 bullae
1304 2739 1435 2795 nostrae
1443 2719 1471 2775 ll
1479 2726 1643 2820 jussimus
1658 2726 1879 2821 impressione
1891 2726 1969 2796 insi·

383 2851 486 2935 gniri,
509 2872 599 2917 anno
617 2847 806 2920 dominicae
829 2849 1068 2918 incarnationis
1086 2850 1342 2942 nongentesimo
1372 2849 1576 2940 octogesimo
1597 2845 1761 2927 secundo,
1781 2846 1968 2918 indictione

384 2972 533 3051 decima,
548 2986 705 3064 regnante
724 2969 882 3040 Lotharic
897 2969 1136 3061 gloriosissimo
1152 2994 1244 3063 rege,
1261 2966 1326 3038 sub
1340 2992 1431 3040 anno
1450 2967 1640 3065 [vicesimo]
1658 2993 1751 3039 nono
1771 2970 1867 3065 regni
1882 2970 1967 3067 ejus.

435 3145 609 3244 signumt‘
622 3143 922 3246 (necnoprcmmcl‘l)
938 3146 1085 3218 Lothan'i
1105 3150 1190 3242 regis
1207 3143 1516 3217 excellentissimil‘l.

356 3348 363 3378 ›
437 3328 562 3398 Datum
582 3326 763 3405 Lauduno,
782 3325 867 3396 urbe
884 3326 996 3420 regali.

437 3506 632 3601 :lrnulphus
664 3508 812 3574 notarius
834 3504 876 3574 ad
904 3509 1011 3575 ricem
1040 3505 1170 3575 domini
1192 3502 1415 3575 ⁴ldalberonis
1442 3502 1686 3601 archiepiscopi
1713 3505 1910 3599 recognovit
1935 3517 1971 3575 et

385 3628 543 3721 retegitsst
1466 3621 1690 3725 (Siqittant‘t)

427 3854 451 3903 ¹2⁸1
474 3850 528 3911 hoc
540 3861 573 3911 ut
588 3851 656 3912 inde
667 3849 734 3911 dans
746 3863 831 3911 testes
845 3852 881 3911 lee
893 3849 990 3933 copies.
1006 3849 1135 3932 Corriyez
1148 3849 1203 3909 hoc
1216 3851 1243 3909 ei
1257 3848 1373 3910 exinde.
1385 3883 1428 3895 —
1440 3847 1467 3901 θ’)
1484 3849 1622 3909 Petet-dtu
1628 3848 1736 3932 seut-il
1748 3847 1873 3931 cnriyer
1883 3844 1970 3931 u'pffl

385 3957 497 4016 nostri:
517 3955 650 4036 lasum
662 3956 763 4016 lecture
781 3953 876 4014 bullae.
900 3966 1012 4015 nestrae
1031 3954 1157 4036 monuit
1177 3952 1480 4037 pcle'cqrapliqeement
1499 3951 1668 4035 s'erpliqeer
1685 3973 1748 4013 seru
1766 3948 1914 4037 diffiniti.
1926 3984 1970 4007 .-

385 4060 409 4109 '-‘l
431 4058 565 4142 Sigillum
581 4059 616 4120 Β.
631 4058 761 4141 Corriqez
776 4060 899 4141 Signum
914 4057 958 4137 (l)
971 4058 1057 4117 rlcrure
1071 4056 1212 4117 seulement
1227 4057 1283 4136 S.).
1300 4091 1342 4102 —
1360 4053 1388 4108 (⁴¹)
1402 4054 1610 4138 dlcncqmntme
1620 4056 1658 4115 da
1674 4066 1737 4139 type
1749 4053 1794 4124 Α,
1808 4054 1898 4145 doque
1909 4074 1969 4121 eu·

384 4162 478 4222 lenient
490 4186 537 4245 pm
561 4162 620 4222 DF.
635 4197 678 4210 -
698 4161 723 4213 l‘l
746 4160 993 4243 Pentetresuutil
1008 4164 1129 4243 corriqer
1147 4158 1354 4241 gloriosissimi.
1374 4193 1419 4206 -
1439 4156 1465 4209 gt)
1494 4159 1557 4220 Voir
1574 4158 1728 4219 boidinus
1743 4155 1840 4242 publie'
1849 4180 1881 4241 p.
1898 4156 1969 4225 108,

385 4290 411 4326 n.
430 4266 457 4326 *.).

428 4483 453 4527 ‘¹’
475 4482 515 4541 (Συ
528 4481 658 4566 (lipldnre
674 4503 711 4541 ne
725 4502 797 4540 nom
814 4488 892 4540 e'tant
907 4502 1004 4540 eonnu
1016 4503 1073 4563 que
1086 4502 1138 4564 par
1214 4479 1323 4548 theses,
1338 4478 1403 4563 plm
1415 4477 1474 4538 mal
1483 4476 1639 4539 venuesles
1648 4500 1721 4539 unes
1734 4475 1846 4562 quoles
1857 4488 1969 4548 enlm,

385 4588 436 4646 des
445 4589 541 4671 copies
548 4589 598 4669 qui
607 4595 701 4645 toules
708 4583 853 4652 derivent,
868 4582 1050 4652 semble-til,
1066 4584 1138 4644 tl’un
1213 4586 1263 4666 qui
1274 4594 1325 4643 ont
1336 4588 1384 4643 ete
1392 4585 1496 4643 emises
1506 4605 1581 4667 pour
1587 4592 1684 4643 tenter
1691 4582 1729 4643 tle
1737 4579 1970 4645 wrtird’nllaioe.

387 4691 611 4750 internetidinrus
619 4688 711 4759 iaufil,
719 4687 789 4749 oirle
799 4687 1003 4771 nonidelluqc
1011 4689 1138 4748 arctate
1213 4689 1378 4747 Justement
1392 4684 1492 4771 irappe
1504 4686 1542 4746 de
1554 4685 1619 4746 leur
1631 4708 1689 4770 peu
1700 4684 1738 4745 de
1749 4682 1858 4757 relect.
1871 4684 1912 4747 Ι.
1923 4680 1971 4745 ΔΙ·

385 4793 531 4853 ι·υιι[οη(1ιι
546 4816 613 4853 arec
625 4791 699 4851 relui
713 4778 827 4862 d’lible,
842 4791 904 4874 plus
920 4791 1071 4852 larnilierlt
1087 4790 1138 4853 des
1214 4790 1277 4850 fred
1293 4789 1432 4858 llichard,
1447 4789 1520 4849 dans
1539 4812 1579 4849 un
1602 4787 1674 4871 long
1695 4787 1857 4873 appendice
1877 4790 1894 4846 i
1916 4808 1969 4849 son

388 4898 544 4965 l'oitetins,
556 4919 595 4956 on
604 4898 705 4956 n'areit
722 4918 761 4979 pu
767 4896 913 4978 jusqu'iei,
925 4895 1000 4953 l'aute
1012 4894 1059 4978 d'y
1069 4893 1137 4954 faire
1215 4893 1338 4953 Histoire
1356 4892 1400 4952 des
1423 4906 1518 4952 constes
1540 4894 1573 4953 ‹te
1596 4893 1695 4953 Pcitou
1717 4892 1754 4973 (t.
1774 4890 1815 4962 ll,
1838 4914 1869 4979 p.
1894 4886 1969 4959 dbo-

385 5012 459 5057 eette
477 5001 565 5083 petite
583 5002 756 5064 cometion,
768 5004 825 5057 tres
839 4996 920 5057 l'aeile
936 4997 1086 5079 ijustilier
1101 5020 1138 5057 au
1216 4998 1303 5077 d80),
1319 5020 1335 5056 a
1352 4995 1464 5056 declaro
1481 4994 1507 5056 le
1522 4995 1653 5080 ‹liplome
1669 4994 1749 5065 saux,
1772 5016 1858 5080 perce
1879 4994 1969 5079 qu'in·

388 5106 467 5185 point
487 5102 525 5163 de
543 5124 597 5162 rue
613 5100 873 5186 paleogruphique.
895 5101 1000 5159 unirer
1016 5104 1031 5159 ri
1053 5098 1137 5185 expli·
1214 5097 1476 5185 comprehensible.
1508 5101 1598 5159 l'orcti
1621 5097 1787 5183 cependent
1810 5096 1849 5159 de
1873 5116 1970 5159 remu·

386 5229 458 5290 quer
474 5205 514 5264 les
530 5207 733 5264 inroherenres
748 5215 918 5289 apparentes
933 5202 1002 5286 qu'il
1022 5212 1137 5287 presen-
1216 5214 1309 5264 naitre
1323 5203 1504 5263 l'esactitutle
1519 5202 1731 5287 diplomatique
1746 5200 1785 5265 de
1796 5200 1881 5263 l'acte
1897 5200 1970 5261 (leus

386 5313 447 5369 tait.
467 5308 487 5367 ll
502 5319 546 5367 est
558 5306 660 5367 inutile
673 5308 710 5368 de
731 5306 862 5392 rappeler
878 5318 971 5366 tontes
990 5305 1032 5365 les
1047 5306 1137 5392 hypo
1214 5330 1267 5368 son
1281 5305 1445 5374 ensemble,
1459 5306 1480 5367 il
1499 5306 1622 5367 eaelmis
1636 5305 1801 5369 l'existcnoe
1813 5303 1886 5367 tl'm
1906 5326 1968 5391 pre·
