5084 6434
418 715 466 788 ts
1068 714 1340 786 tornatae.
1889 716 2001 816 [964]

417 897 505 967 llaec
529 901 629 992 igitur
644 899 700 993 pia
718 895 870 967 fidelium
885 895 1060 991 largitione
1078 894 1172 965 locus
1191 893 1363 990 predictus
1382 897 1567 991 antiquitus
1589 894 1776 965 dinoscitur
1797 895 2000 991 possedisse3

414 1046 501 1115 quae
517 1045 595 1089 vero
610 1017 696 1088 infra
713 1021 931 1089 continentur
944 1016 1094 1115 prelatus
1108 1015 1310 1086 venerabilis
1325 1042 1439 1087 comes
1454 1043 1493 1086 ea
1507 1018 1645 1113 propria
1660 1014 1844 1088 hereditate
1866 1042 2001 1089 conces

414 1144 492 1210 sisse
508 1171 515 1210 :
530 1140 566 1211 id
580 1142 676 1210 estin
692 1139 846 1212 Flandris
862 1139 1077 1211 medietatem
1098 1137 1168 1209 fisci
1186 1141 1247 1234 qui
1269 1153 1409 1209 vocatur
1423 1137 1688 1232 Snellingebem3
1708 1137 1752 1208 de
1772 1137 1857 1209 fisco
1873 1139 1999 1211 Wane-

413 1258 574 1356 brucgel'l
584 1261 635 1334 .x.
650 1287 786 1332 mansos
798 1265 834 1331 in
846 1262 922 1333 loco
935 1255 1387 1357 nuncupatottssugginsetu
1403 1263 1440 1329 in
1455 1283 1542 1355 pago
1554 1257 1798 1331 Karabantinse
1815 1260 1894 1332 villa
1910 1261 1999 1334 Can·

377 1403 392 1453 5
414 1384 497 1481 phin
509 1399 540 1453 et
551 1387 586 1453 in
599 1382 788 1454 Bracbanto
800 1382 996 1478 ldingehem
1004 1380 1043 1466 l‘l,
1053 1410 1191 1453 mansus
1208 1377 1278 1453 llll
1295 1408 1376 1454 cum
1394 1383 1548 1464 ecclesia3
1560 1407 1598 1452 <
1609 1385 1692 1452 item
1710 1385 1746 1452 in
1759 1380 1998 1466 Kambantol‘t

414 1510 447 1575 in
456 1507 595 1586 carvin,
609 1523 695 1577 terra
708 1532 789 1576 cum
801 1505 937 1577 ecclesia
948 1522 980 1577 et
992 1506 1118 1603 capella
1131 1504 1266 1586 Stellam
1278 1509 1314 1575 in
1327 1529 1415 1601 pago
1425 1505 1612 1575 Tarvenioo
1618 1498 1644 1556 (ὓ
1651 1508 1782 1575 terrain
1791 1504 1999 1602 Rumingem

364 1661 374 1684 ο
413 1645 445 1698 et
460 1625 759 1724 tenebergtt>t¹t
776 1626 994 1719 precaventes
1008 1628 1156 1725 denique
1172 1630 1303 1725 antiqui
1316 1626 1421 1697 bostis
1436 1627 1589 1707 insidias,
1602 1624 1728 1723 quibus
1740 1652 1915 1700 serrorum
1933 1629 1998 1701 Dei

413 1755 560 1848 ‹prietem
583 1750 784 1823 conturbare
806 1766 838 1821 et
861 1751 1064 1823 multiformi
1094 1751 1272 1823 ealliditate
1300 1749 1471 1820 molestari
1506 1753 1634 1831 nititur,
1667 1751 1851 1823 reverendo
1881 1749 1998 1823 abbati

412 1876 575 1946 Womaro
593 1890 625 1945 et
642 1874 795 1971 ejusdem
810 1874 876 1945 loci
894 1873 1052 1944 fratribus
1066 1873 1155 1944 banc
1174 1889 1306 1944 nostrae
1327 1876 1531 1944 auctoritatis
1546 1873 1686 1943 tutelam
1703 1887 1820 1944 contra
1836 1889 1997 1946 venturae

359 2034 391 2064 ιο
412 1996 793 2094 pemubationisjacula
808 1996 1049 2095 opponendam
1062 2000 1305 2078 concessimus,
1319 1995 1475 2067 videlieet
1488 2011 1525 2066 ut
1538 1995 1710 2093 praedicto
1725 1993 1838 2067 abbati
1854 1999 1996 2095 ejsuque

412 2119 570 2191 fratribus
592 2121 635 2192 de
656 2118 757 2190 rebus
774 2118 932 2216 prelibati
948 2119 1014 2190 loci
1033 2118 1147 2189 nullus
1166 2119 1368 2189 secularium
1388 2122 1457 2189 sive
1476 2117 1676 2189 clericorum
1696 2121 1763 2188 sive
1778 2116 1994 2201 laicoruml‘l,

412 2269 479 2313 non
498 2241 639 2339 quilibet
663 2246 820 2339 princeps
843 2245 914 2311 vim
939 2242 1089 2337 aliquam
1107 2240 1226 2311 inserat
1243 2241 1426 2337 nullusque
1437 2240 1544 2337 judex
1560 2238 1719 2337 publicus
1748 2266 1812 2312 nec
1836 2239 1996 2338 quislibet

410 2391 449 2433 ex
479 2365 658 2460 judiciaria
689 2378 851 2461 potestate
887 2367 922 2433 in
955 2362 1108 2434 ecclesias
1139 2377 1198 2432 aut
1211 2362 1296 2434 loca
1319 2363 1371 2432 rel
1398 2388 1495 2458 agros
1522 2388 1582 2433 seu
1598 2362 1744 2459 reliquas
1769 2366 1996 2460 possessms

411 2490 589 2556 memorati
618 2484 789 2565 coenobii,
818 2483 912 2582 quod
940 2485 1106 2557 moderno
1138 2500 1291 2583 tempore
1317 2483 1403 2555 inlra
1432 2485 1596 2556 ditionem
1628 2488 1763 2581 imperii
1784 2489 1890 2557 nostri
1902 2489 1995 2583 juste

359 2627 389 2677 25
410 2624 442 2679 et
458 2606 701 2679 rationabiliter
714 2608 877 2705 possidet,
899 2608 950 2677 vel
971 2633 1009 2677 ea
1022 2618 1119 2704 ‘quae
1144 2607 1303 2703 deinceps
1331 2610 1365 2677 in
1387 2610 1466 2702 jure
1492 2610 1597 2702 ipsius
1620 2607 1687 2678 loci
1712 2607 1857 2679 voluerit
1879 2607 1994 2681 divina

409 2734 513 2826 pietas
532 2734 662 2827 augeri,
681 2731 726 2802 ad
736 2726 758 2782 t)
775 2755 891 2800 causas
911 2730 1111 2810 audiendas,
1127 2729 1179 2801 rel
1198 2728 1293 2802 freda
1313 2745 1371 2801 aut
1390 2727 1515 2800 tributa
1535 2730 1712 2825 exigenda,
1727 2728 1780 2800 vel
1800 2732 1993 2803 mansiones

408 2869 466 2923 aut
480 2853 622 2949 paradas
636 2852 819 2934 faciendas,
841 2868 900 2923 aut
918 2851 1132 2948 fidejussores
1154 2851 1339 2934 tollendos,
1361 2867 1422 2922 aut
1442 2851 1599 2922 homines
1621 2851 1775 2946 ejusdem
1797 2856 1991 2924 monasterii

408 2992 476 3046 tarn
506 2979 670 3071 ingenuos
699 3001 806 3072 quam
841 3000 953 3045 servos
982 2999 1084 3070 super
1111 2989 1236 3044 terram
1273 2977 1377 3069 ipsius
1411 2989 1666 3045 commanentes
1699 2973 1828 3070 absque
1861 2972 1993 3047 abbatis

402 3103 500 3192 jussu
518 3098 779 3194 distringendos,
798 3097 852 3166 vel
868 3096 954 3165 ullas
971 3093 1189 3166 redibitiones
1208 3111 1268 3166 aut
1280 3095 1409 3167 illicitas
1427 3100 1618 3168 occasiones
1635 3095 1855 3193 requirendas
1870 3101 1994 3171 nostris

353 3255 386 3290 ,ο
406 3237 438 3290 et
453 3220 574 3290 futuris
587 3217 799 3316 temporibus
811 3217 941 3312 ingredi
956 3217 1078 3298 valeat,
1090 3216 1143 3286 vel
1158 3243 1197 3287 ea
1211 3244 1300 3314 quae
1315 3243 1417 3316 supra
1432 3234 1619 3290 memorata
1634 3234 1713 3290 sunt
1721 3221 1857 3316 penitus
1863 3222 1993 3315 enfgeoe

408 3356 614 3435 praesumat,
636 3367 698 3411 nec
720 3341 762 3411 de
786 3336 1056 3411 ordinationibus
1081 3343 1276 3410 monasterii
1305 3344 1373 3424 sui,
1403 3344 1467 3411 nisi
1491 3339 1535 3410 ab
1564 3366 1605 3411 eo
1627 3356 1778 3436 rogatus,
1800 3341 1991 3415 secundum

408 3463 557 3556 regulam
575 3466 679 3532 sancti
693 3461 882 3544 benedicti,
898 3488 933 3532 se
950 3465 1132 3558 quisquam
1148 3465 1349 3533 intromittat
1361 3459 1396 3533 ⁰).
1408 3463 1533 3552 Quieto
1549 3466 1662 3558 itaque
1672 3466 1750 3558 jure
1766 3477 1888 3535 cuncta
1902 3489 1991 3561 quae

408 3583 578 3681 possident
598 3600 630 3655 et
649 3611 752 3681 quae,
776 3585 849 3655 Deo
871 3585 1065 3660 auxiliante,
1083 3585 1284 3681 adquisituri
1295 3582 1324 3637 ll
1335 3590 1402 3655 sive
1417 3585 1573 3681 adepturi
1580 3578 1605 3636 ll
1620 3600 1716 3666 sunt,
1738 3583 1855 3656 usibus
1870 3610 1990 3658 comm

407 3708 608 3787 deserviant,
627 3722 795 3804 quatenus
809 3705 936 3803 absque
952 3711 1093 3804 penuria
1111 3723 1181 3777 tam
1198 3732 1262 3806 pro
1279 3712 1392 3778 anima
1407 3705 1607 3777 venerabilis
1621 3705 1753 3777 Arnulsr
1767 3733 1874 3804 quam
1887 3710 1988 3779 etiam

352 3849 384 3897 ηρ,
406 3855 468 3925 pro
484 3833 584 3901 totius
600 3832 693 3923 regni
710 3826 856 3899 nostril'l
872 3833 984 3925 quiete
1002 3845 1034 3899 et
1050 3829 1209 3913 utilitate,
1222 3830 1344 3901 divinis
1354 3827 1514 3900 laudibus
1531 3827 1746 3909 incubantes,
1765 3828 1906 3901 Domini
1923 3829 1989 3903 cle-

405 3956 566 4022 mentiam
593 3967 739 4021 exorent.
764 3949 929 4046 Quisquis
953 3954 1053 4047 igitur
1074 3966 1191 4021 contra
1215 3950 1319 4047 hujus
1344 3965 1476 4021 nostrae
1502 3954 1727 4049 preceptionis
1743 3948 1771 4004 ¹¹)
1792 3956 1987 4034 munimen,

451 4119 471 4156 '¹³
487 4116 713 4200 Wanebmgghe
728 4117 761 4177 E.
784 4153 826 4163 -
852 4115 879 4169 (a)
896 4125 1052 4201 manapato
1067 4117 1102 4178 E.
1123 4153 1165 4165 -
1190 4115 1215 4170 l‘l
1235 4116 1421 4200 l'dingebem
1443 4117 1480 4187 E,
1503 4116 1668 4200 Bingebem
1684 4117 1715 4178 C.
1741 4153 1784 4166 -
1803 4115 1833 4172 (a)
1852 4139 1988 4180 mansum

405 4244 496 4281 tanum
506 4222 536 4279 t'.
551 4220 624 4273 —l‘l
639 4220 821 4280 liarrabanto
834 4221 869 4280 Ε.
879 4255 920 4267 -
933 4217 957 4272 (q
969 4219 1127 4280 Carvenico
1143 4220 1231 4282 BDE.
1243 4254 1285 4267 —
1301 4218 1328 4274 lt)
1341 4221 1494 4304 Kenrberg
1508 4220 1548 4290 D,
1563 4220 1737 4303 Kambergb
1750 4220 1786 4281 Ε.
1799 4256 1842 4270 -
1854 4219 1885 4276 Η
1895 4219 1988 4306 leyen

405 4346 469 4385 rum
481 4324 545 4385 DE.
557 4359 600 4372 -
611 4322 635 4377 ll
644 4335 694 4383 aut
709 4324 744 4384 Ε.
758 4359 800 4371 -
813 4322 838 4377 Ul
850 4324 1023 4384 intermittat
1039 4323 1074 4383 l).
1089 4358 1134 4371 -
1148 4322 1176 4423 ll)
1188 4325 1356 4408 acquisituri
1371 4324 1408 4384 Ε.
1422 4359 1466 4372 -
1482 4323 1504 4378 (¹)
1516 4324 1657 4408 adeptura
1672 4324 1707 4384 Ε.
1723 4359 1767 4373 -·
1786 4322 1821 4379 Μ
1836 4335 1938 4387 nostro
1951 4324 1987 4387 Ε.

403 4465 444 4475 -
461 4427 488 4482 (¹)
503 4429 695 4514 preceptionis
710 4438 807 4510 nostre
821 4427 857 4488 Ε.

456 4590 470 4630 ¹³
493 4589 532 4647 la
553 4587 592 4647 lin
613 4586 651 4646 de
670 4596 746 4646 cette
766 4584 869 4670 phrase
885 4597 928 4646 est
944 4589 1155 4647 certainement

404 4713 462 4751 une
482 4690 686 4775 interpolation
709 4691 788 4774 (qui,
806 4712 873 4750 sans
889 4689 994 4760 doute,
1014 4693 1090 4751 avait
1108 4695 1154 4751 etri

403 4792 587 4879 ‹irnplement
604 4792 740 4876 indiquee
758 4796 841 4878 apres
855 4815 930 4878 eoup
945 4815 982 4852 en
998 4792 1154 4876 interligne

403 4898 476 4957 dans
491 4895 544 4977 Α).
563 4897 608 4957 En
626 4894 708 4965 ell'et,
726 4895 746 4955 il
764 4894 874 4955 semble
892 4918 948 4979 que
967 4893 995 4955 la
1012 4895 1153 4957 donation

402 5001 440 5059 de
458 4999 633 5077 Rumingena
649 5010 677 5058 et
692 4998 729 5058 de
743 4997 899 5077 Keneberg
916 5020 953 5058 ne
968 5001 1023 5059 soit
1041 5021 1090 5083 pas
1104 5021 1154 5059 an-

403 5105 526 5164 te'n‘eure
543 5106 558 5161 a
578 5103 634 5184 981
658 5104 728 5181 (van
742 5101 888 5173 lobeton,
905 5101 1018 5161 (llartes
1033 5115 1059 5162 et
1073 5100 1153 5163 doce-

404 5217 485 5266 'treats
496 5205 530 5265 de
542 5204 663 5289 l’ubbuye
673 5203 707 5263 de
718 5203 922 5273 Sciat-Pierre,
937 5215 956 5264 t.
969 5205 995 5275 l,
1008 5227 1036 5290 p.
1049 5206 1153 5276 50-5ι,

403 5319 443 5371 η’·
464 5310 573 5390 ὂᾶὅά)
592 5318 621 5368 et
641 5305 714 5367 celle
732 5306 770 5366 de
790 5309 910 5376 (isnin,
933 5313 948 5367 n
969 5311 1029 5392 996
1054 5309 1153 5389 (Liber

1232 4584 1407 4648 traditionum
1415 4587 1511 4648 Sancti
1518 4588 1596 4648 Petri
1604 4585 1869 4660 Buadiaiasined
1878 4588 1986 4674 rayca,

1232 4690 1388 4752 &nauus
1405 4691 1440 4751 de
1460 4691 1487 4752 la
1507 4690 1569 4752 cille
1587 4688 1622 4752 ds
1643 4689 1742 4762 Μ,
1762 4701 1785 4753 t.
1808 4690 1849 4764 ll,
1874 4713 1905 4776 p.
1926 4691 1987 4777 pb,

1231 4803 1263 4855 n·
1276 4797 1340 4875 ror)
1354 4805 1398 4865 et,
1411 4794 1522 4855 d'autre
1535 4805 1614 4879 part,
1626 4816 1674 4855 ces
1684 4796 1857 4878 paneasions
1869 4816 1908 4856 na
1921 4805 1988 4856 sont

1229 4919 1281 4980 pas
1293 4900 1497 4959 mentionnees
1525 4896 1600 4958 dans
1614 4897 1642 4958 le
1659 4895 1790 4981 diplome
1801 4897 1988 4959 d'immunite'·

1229 4999 1268 5061 de
1283 5000 1344 5083 966
1359 5000 1540 5079 (rideamus,
1562 5009 1595 5060 n·
1610 5000 1716 5082 XXV).
1741 5000 1825 5062 duni
1838 5000 1912 5063 bien
1924 5011 1988 5063 ont·

1229 5102 1301 5165 elles
1313 5109 1359 5163 ete
1379 5103 1525 5176 donnees,
1544 5126 1604 5166 non
1618 5126 1670 5190 pas
1685 5102 1875 5189 pnrdmoul,
1889 5114 1988 5166 comte

1229 5206 1267 5268 ‹le
1289 5207 1429 5280 Flandre,
1450 5211 1523 5269 mais
1548 5230 1602 5295 par
1626 5206 1754 5279 Amoul,
1780 5205 1929 5271 cbbtdaiu
1948 5206 1988 5270 da

1229 5311 1331 5382 Gand,
1343 5322 1372 5372 et
1391 5333 1443 5396 par
1467 5311 1588 5382 lmoul,
1605 5322 1703 5374 comte
1714 5309 1754 5373 de
1764 5308 1987 5375 valencianas.
