5084 6434
537 705 585 773 72
1186 700 1460 774 nornnrnn.
2003 703 2116 805 [9⁶7]

534 883 648 952 lanso:
670 882 705 941 E.
719 878 855 950 Jolibois,
870 878 1003 941 mneos
1018 901 1067 940 sur
1083 879 1120 939 les
1135 878 1258 940 vatim
1275 877 1309 940 da
1326 878 1353 940 lo
1368 879 1589 951 Huatellnrne,
1607 880 1681 940 dans
1694 879 1859 941 l'Anuaoire
1876 878 2074 963 cccle'sioetiqae
2091 893 2119 943 ct

619 983 766 1064 lictorique
784 981 821 1042 dn
838 982 942 1043 diocia
954 979 988 1042 de
1003 983 1137 1065 Luceres,
1156 993 1177 1042 t.
1194 983 1234 1052 ll,
1255 983 1350 1066 1839,
1368 1005 1397 1067 p.
1417 985 1488 1050 nari.
1508 1019 1552 1030 -
1571 981 1680 1056 ticket,
1701 983 1775 1045 dans
1792 982 1835 1045 lea
1852 982 2043 1069 Foreelaqee
2061 1007 2118 1048 w

618 1085 763 1148 deutschen
779 1085 954 1154 Gurbiclte,
974 1097 996 1146 t.
1015 1086 1069 1158 lx,
1096 1085 1191 1170 1869,
1209 1108 1239 1172 p.
1256 1085 1333 1157 lein,
1354 1095 1386 1147 n·
1408 1085 1456 1148 26.
1479 1123 1522 1132 —
1542 1086 1676 1156 Rosemt,
1693 1086 1851 1171 deertoire
1870 1088 2018 1173 lictorique
2035 1087 2071 1150 de
2089 1088 2117 1150 lo

620 1187 841 1259 Hoste-Morus,
863 1187 1025 1274 Cetolopne,
1050 1198 1081 1249 n·
1099 1189 1150 1251 85.
1168 1228 1210 1235 —
1227 1189 1364 1259 Roserot,
1385 1188 1534 1273 Catuloqne
1552 1188 1599 1250 des
1617 1200 1690 1250 actes
1709 1212 1819 1276 myoua
1841 1188 1978 1252 comm
1995 1188 2062 1254 &aa
2080 1192 2118 1255 les

496 1303 511 1354 5
618 1292 741 1353 acclives
754 1291 788 1352 cle
801 1292 829 1353 lu
844 1292 1062 1362 Hoste-Morere,
1078 1292 1152 1353 dans
1167 1292 1194 1352 le
1209 1291 1405 1377 Biblioqrople
1417 1290 1555 1362 moderas,
1572 1304 1593 1353 t.
1609 1292 1661 1362 Vl,
1680 1315 1774 1377 1902,
1789 1315 1819 1379 p.
1836 1293 1892 1363 55,
1906 1303 1938 1355 n·
1953 1295 2004 1356 83.

586 1455 800 1551 (Cirisnun.)
820 1458 859 1526 ln
878 1456 1019 1526 nomine
1042 1463 1187 1527 amotae
1206 1463 1243 1527 et
1261 1455 1462 1527 individuae
1479 1456 1671 1528 ininitatie.
1690 1456 1907 1542 bottharius,
1926 1459 1989 1530 ltei
2003 1461 2117 1550 opitu-

535 1580 631 1650 lante
651 1578 840 1649 clementia
857 1597 933 1649 rex.
953 1578 991 1649 si
1010 1578 1144 1649 avitum
1162 1578 1320 1670 reqimen
1336 1586 1441 1668 atque
1458 1585 1643 1668 paternum
1661 1579 1755 1670 justo
1769 1579 2008 1652 moderamine
2026 1587 2117 1653 trac

534 1709 609 1771 tare
635 1700 797 1784 nitimur,
830 1707 915 1771 tunc
946 1700 1170 1790 potissimum
1198 1719 1387 1772 censemus
1413 1708 1453 1771 ut
1473 1701 1878 1778 venustent-simorum
1913 1700 2115 1799 pontificum

534 1820 759 1919 peticionibus
771 1825 850 1893 ratis
864 1848 928 1919 pro
945 1837 1033 1893 statu
1048 1822 1172 1893 scilicet
1186 1847 1324 1893 suarum
1342 1822 1557 1893 ecclesiarum
1573 1848 1611 1893 ac
1624 1827 1895 1894 aucmentatione
1907 1822 2040 1894 sautum
2055 1828 2115 1908 iri,

481 1981 512 2014 rt)
534 1972 575 2015 ne
600 1948 646 2016 ita
671 1971 776 2042 quam
800 1948 894 2042 parvi
920 1945 1125 2041 pendamus,
1152 1948 1232 2041 quia
1256 1945 1439 2016 nonnullos
1467 1970 1584 2040 regum
1612 1949 1841 2041 comperimus
1863 1971 1926 2042 pro
1950 1946 2117 2042 suffragiis

535 2071 779 2138 momentaneis
814 2082 1006 2138 sanctarum
1035 2066 1064 2144 l³
1086 2067 1301 2138 ecclesiarum
1334 2071 1574 2138 commeruisse
1609 2067 1717 2138 felicia
1756 2092 1857 2162 regna
1896 2067 2116 2141 beatitudunis

533 2216 678 2280 summe.
695 2190 829 2260 Scimus
843 2192 936 2260 onim
952 2193 1032 2284 quia
1050 2193 1277 2259 sanctissimus
1294 2216 1386 2259 cesar
1400 2205 1559 2284 augustus
1576 2189 1834 2272 Constantinus,
1850 2190 1964 2262 divina
1982 2214 2114 2263 ammo·

535 2316 626 2383 nitus
640 2315 767 2382 visione
785 2338 824 2382 ao
838 2312 979 2383 docente
994 2308 1094 2382 beato
1111 2336 1200 2408 papa
1216 2311 1390 2392 Silvestre,
1409 2327 1591 2409 postquam
1610 2311 1642 2390 l‘
1657 2312 1860 2383 comvolavit
1874 2311 1918 2383 ad
1937 2313 2114 2387 catolicam

535 2435 654 2516 iidem,
673 2461 742 2505 non
762 2434 866 2504 modo
887 2430 1049 2530 prodiisti
1067 2432 1334 2530 muneribusque
1351 2433 1470 2505 ditavit
1484 2434 1658 2504 ecclesiam
1673 2449 1867 2506 sanctorum
1883 2435 2114 2532 apostolorum

474 2576 511 2628 ·=5
532 2556 621 2628 Petri
641 2573 673 2627 et
693 2557 803 2636 Pauli,
821 2583 939 2626 verum
958 2560 1059 2627 eumn
1082 2581 1221 2627 omnem
1243 2557 1442 2651 dignitatem
1463 2559 1714 2653 imperatoriam
1738 2557 1811 2629 Deo
1829 2559 2019 2654 sanctisque
2039 2584 2115 2655 pre

534 2679 632 2750 dictis
653 2679 812 2775 apostolis
837 2679 870 2755 ΙΙὅ
892 2678 1078 2775 perpetuali
1099 2682 1177 2774 jure
1201 2679 1419 2750 oomtradidit
1441 2711 1448 2748 ε
1473 2679 1583 2749 noluit
1609 2682 1701 2748 enim
1726 2677 1811 2748 inibi
1836 2682 2021 2777 principari
2042 2706 2114 2777 quo

535 2801 625 2872 Deus
651 2801 854 2896 clavigemm
879 2805 974 2894 regni
1001 2801 1128 2871 celestis
1152 2815 1185 2870 et
1209 2826 1384 2871 summum
1411 2803 1602 2898 principem
1627 2800 1858 2897 apostolorum
1888 2802 2113 2873 universalem

532 2923 654 3018 delegit
674 2939 838 2994 rectorem
859 2923 1090 3002 ecclesiarum,
1114 2925 1146 2999 ll⁶
1164 2922 1222 2994 sed
1241 2921 1547 3020 Costantinopolim
1567 2925 1772 2993 senatorium
1796 2922 1988 2993 consultum
2012 2938 2114 3021 atque

534 3048 713 3142 patricium
733 3072 848 3115 secum
863 3048 988 3143 pariter
1005 3043 1171 3116 finetenus
1188 3046 1438 3139 commigravit,
1455 3059 1493 3115 ut
1510 3044 1610 3115 nullis
1625 3042 1894 3116 infestationibus
1908 3048 1997 3143 regie
2010 3044 2115 3118 subli-

477 3203 511 3239 πο
534 3171 658 3239 raritatis
675 3168 811 3238 ecclesia
829 3167 984 3239 Romana
1004 3170 1038 3236 in
1058 3182 1231 3265 posterum
1250 3166 1461 3237 multaretur.
1482 3164 1514 3244 li
1530 3164 1699 3257 Quocirca
1717 3183 1839 3238 notum
1864 3164 1935 3239 steri
1953 3167 2114 3239 volumus

533 3289 693 3361 omnibus
705 3305 818 3379 sancte
835 3290 897 3359 Dei
913 3289 1050 3379 ecclesie
1065 3305 1098 3360 et
1109 3292 1246 3370 nostris,
1259 3287 1471 3385 presentibus
1486 3289 1609 3361 scilicet
1619 3305 1651 3361 et
1661 3288 1799 3371 futuam,
1810 3287 1905 3386 quod
1919 3288 2112 3369 Arbnrdus,

532 3427 644 3481 sancte
655 3413 876 3506 lingonensis
892 3412 1029 3501 ecclesie
1046 3411 1257 3482 venerandus
1266 3413 1395 3507 presul,
1406 3427 1557 3483 nostram
1567 3412 1685 3483 adiens
1694 3410 1953 3494 sublimitatem,
1969 3411 2114 3511 l⁸optu·

533 3530 622 3602 tibus
638 3537 758 3602 nostris
773 3549 929 3629 precepta
940 3548 971 3602 et
982 3537 1195 3605 auctoritates
1205 3537 1465 3631 imperatorum,
1477 3551 1671 3605 nostrorum
1682 3534 1835 3605 videlicet
1844 3550 2112 3617 antecessorum,

533 3650 704 3737 obtudisti,
717 3656 861 3752 qualiter
873 3658 936 3752 ipsi
949 3658 1175 3727 munitionem
1188 3659 1330 3728 civitatis
1340 3657 1541 3752 Lingonice,
1554 3671 1741 3727 rnercatum
1757 3659 1925 3754 pariteret
1938 3672 2113 3729 monetam

477 3796 510 3847 25
532 3776 659 3875 prefate
677 3777 856 3869 l⁹ecclesie
871 3777 1123 3873 delegaverunt,
1139 3794 1176 3848 ut
1191 3779 1253 3849 bec
1263 3783 1378 3849 omnia
1391 3779 1435 3850 ad
1445 3782 1502 3874 jus
1513 3778 1602 3849 illius
1616 3794 1856 3876 rectorumque
1866 3781 1939 3874 ejus
1947 3795 2113 3876 perpetuo

532 3898 658 3996 absque
683 3899 825 3996 alicujus
842 3901 967 3996 judicis
988 3900 1224 3997 inquietudine
1246 3905 1413 3997 pertinere.
1436 3899 1641 3971 debuissent.
1667 3900 1816 3997 Hujusce
1841 3901 1990 3997 denique
2012 3928 2114 3971 asser·

532 4025 623 4093 tione
655 4024 933 4100 auctol¹⁰-ritatis
969 4023 1165 4102 roboratus,
1200 4049 1261 4120 per
1295 4023 1567 4120 deprecationem
1605 4024 1777 4115 karissime
1814 4026 1968 4119 conjugis
1999 4039 2112 4117 11er

535 4145 671 4235 Emme,
698 4145 933 4240 efflagitatione
960 4171 1098 4241 quoquc
1121 4145 1243 4215 ductus
1270 4170 1371 4242 supra
1398 4146 1478 4215 dicti
1507 4145 1647 4242 presulis
1671 4172 1710 4216 ac
1739 4145 1858 4242 suplici
1886 4142 2113 4243 postulatione

532 4265 688 4347 Gibnini,
709 4266 961 4337 Catalaunensis
982 4269 991 4344 ll
1003 4271 1026 4311 ¹¹
1047 4271 1217 4348 antistitis,
1230 4295 1281 4337 res
1297 4268 1460 4364 quosdam
1478 4271 1684 4365 pertinentes
1700 4269 1745 4340 ad
1762 4267 2015 4365 suplementum
2030 4272 2113 4365 rugii

475 4406 511 4457 30
532 4389 669 4460 honoris
699 4388 744 4461 ob
772 4391 1041 4460 emolumenturn
1065 4405 1179 4481 eterno
1207 4393 1477 4487 conpensationis
1500 4389 1736 4461 inevitabiliter
1757 4389 1977 4462 concedimus
1999 4406 2113 4483 nnete

531 4516 712 4610 prescripte
733 4513 867 4605 ecclesie
887 4510 1318 4590 ncsanct0l¹³llam1neti
1338 4512 1484 4606 glorioso
1507 4515 1653 4596 snartiri,
1672 4516 1871 4585 comitatum
1894 4512 2020 4585 scilicet
2036 4513 2114 4587 Lin-

531 4660 713 4723 gonenscm
745 4651 846 4733 atque
872 4663 975 4707 onme
1005 4639 1174 4733 premium
1207 4632 1302 4731 quod
1337 4638 1477 4729 exigitur
1506 4638 1542 4705 in
1571 4634 1706 4709 toloneo
1735 4636 1779 4707 de
1806 4639 1913 4734 portis
1944 4634 2112 4709 civilibus.

575 4810 598 4854 ω
623 4812 663 4872 ta
673 4812 805 4896 premiere
819 4810 918 4896 syllaba
932 4809 966 4872 de
979 4823 1037 4872 tous
1055 4811 1090 4871 les
1106 4824 1172 4871 mets
1189 4823 1373 4889 commeasset
1382 4832 1436 4894 por
1451 4833 1502 4895 pre
1516 4823 1555 4871 est
1571 4809 1684 4897 obvve'yle
1695 4818 1725 4882 P.

573 4989 600 5031 ‘¹¹
622 4988 753 5049 Allucion
768 5013 822 5050 aux
839 4988 983 5073 dipldmcs
996 4988 1034 5050 de
1050 4990 1137 5049 boens
1153 4988 1180 5048 le
1197 4991 1283 5049 Piens
1359 4990 1477 5073 liopern,
1493 4999 1523 5050 a·
1536 4989 1599 5058 ed..
1616 4999 1658 5052 η’·
1669 4991 1731 5075 589
1746 5000 1778 5052 et
1794 4992 1904 5074 1740),
1916 4991 2114 5076 petita&-

531 5104 560 5152 et
579 5093 617 5152 de
638 5091 758 5154 Charles
781 5091 809 5153 le
825 5092 915 5165 Gnos,
934 5091 976 5152 du
996 5115 1015 5176 9
1035 5093 1199 5175 septembre
1219 5092 1281 5161 816
1361 5093 1494 5162 lloremt,
1509 5091 2113 5180 Dipltmeseomtinpimeriqimdmr-

531 5207 561 5255 et
580 5194 622 5256 du
645 5196 680 5256 15
696 5196 811 5278 janvier
830 5196 893 5276 887
916 5193 1281 5274 (lithmea-lleiblbacbev,
1358 5194 1817 5268 demutatis-numos.
1832 5199 1936 5284 cit.,p.
1951 5198 2069 5284 507,n·
2085 5220 2112 5273 a,

535 5299 587 5361 Die
607 5296 735 5382 Βιφηεκ
754 5297 799 5358 des
819 5297 1002 5358 naemu
1022 5310 1099 5359 nater
1119 5296 1169 5359 dea
1193 5299 1281 5358 duro-
1358 5311 1428 5383 etp.
1445 5301 1565 5371 sesa·
1582 5302 1628 5362 15.
