5084 6434
408 717 453 786 ce
1054 714 1327 785 eorumne.
1872 714 1985 814 [966]

462 894 471 988 (
479 895 644 964 Cirismon
653 889 707 988 (l.)
725 897 765 963 In
779 895 918 963 nomina
934 900 1057 963 sancta
1072 901 1108 963 at
1122 894 1301 964 individue
1315 891 1506 964 Trinitatis.
1522 888 1754 975 toumustt
1767 888 1914 983 pratia(cl
1924 894 1988 964 liei

411 1036 485 1086 rex.
499 1015 536 1086 Si
547 1035 588 1085 aa
601 1011 701 1106 quelli
716 1015 985 1106 predecessores
997 1017 1124 1098 nostri,
1139 1011 1288 1086 divinae>
1300 1015 1499 1106 dignatione
1513 1014 1714 1086 inluminati
1726 1022 1762 1085 at
1773 1015 1843 1106 piis
1859 1034 1988 1086 ammo

409 1131 635 1208 nitionihusti
662 1157 842 1209 servorum
866 1138 927 1208 Dei
956 1136 1101 1232 instigati
1109 1133 1149 1219 lt),
1172 1163 1235 1234 pro
1259 1135 1457 1207 utilitatibus
1482 1136 1697 1207 aeclesiarum
1706 1132 1736 1188 (Β
1758 1151 1790 1206 et
1812 1162 1986 1208 servorum

412 1261 473 1329 Dei
501 1254 780 1330 necessitatibuslil
809 1258 1005 1356 supplendis
1030 1275 1171 1330 statuere
1196 1258 1415 1330 decreverunt
1439 1260 1560 1329 nostris
1583 1257 1827 1330 confirmamus
1853 1259 1984 1337 edictis,

366 1402 380 1450 5
407 1384 532 1476 regiam
552 1407 743 1452 exercemus
767 1381 1047 1452 consuetudinem
1074 1398 1105 1452 et
1129 1382 1194 1452 hoc
1214 1380 1311 1451 nobis
1339 1380 1381 1450 ad
1404 1397 1593 1477 presentem
1623 1385 1725 1451 vitam
1747 1379 1875 1452 felicius
1893 1407 1986 1479 pera-

407 1502 552 1598 gendam
569 1520 602 1573 et
618 1504 663 1575 ad
679 1502 828 1574 suturam
847 1504 1084 1601 capessendam
1093 1498 1118 1555 θ’(
1137 1502 1354 1601 profuturum
1372 1504 1491 1600 procul
1507 1501 1613 1575 dubio
1628 1500 1843 1574 confidimus.
1860 1504 1985 1575 iccirco

407 1640 528 1696 notum
546 1629 587 1697 sit
606 1623 766 1696 omnibus
789 1625 945 1697 fidelihus
962 1631 1098 1708 nostris,
1121 1623 1332 1724 presentibus
1351 1625 1475 1697 scilicet
1495 1641 1597 1722 atque
1618 1624 1757 1708 suturis,
1775 1625 1949 1722 quendam
1957 1621 1987 1676 ll

408 1773 480 1817 esse
496 1749 626 1831 locum,
660 1744 846 1819 Montemtt
870 1749 985 1820 Sancti
1010 1748 1183 1820 Michaelis
1208 1748 1354 1830 dictum,
1379 1751 1482 1819 silum
1513 1751 1548 1817 in
1579 1751 1682 1818 maris
1711 1747 1846 1844 pelago,
1878 1774 1983 1844 quem

407 1867 624 1942 moelemisl'l
643 1868 779 1953 diebus,
797 1897 913 1941 amore
935 1870 1056 1942 ductus
1083 1875 1169 1967 regis
1189 1875 1331 1950 aeterni,
1356 1870 1559 1952 Richardus,
1583 1870 1874 1941 Nortmannorum
1897 1897 1986 1940 mar·

348 2030 381 2062 20
406 1989 566 2075 chisusl¹l‚
587 2019 667 2063 cum
692 1989 924 2064 auctoritatel⁰l
936 1993 1056 2065 domni
1073 1993 1254 2074 lobannis,
1276 2009 1407 2064 sanctae
1428 1989 1636 2064 llomanaelll
1656 1992 1743 2064 sedis
1761 1989 1898 2089 papeltl
1919 2019 1986 2062 res-

406 2120 549 2185 tauravit
564 2119 599 2185 in
619 2116 755 2197 melius,
773 2114 856 2186 inihi
866 2112 890 2167 (r)
905 2142 1085 2212 aggregans
1094 2114 1119 2168 (·)
1135 2115 1383 2187 monachorum
1397 2129 1532 2186 coetum
1549 2114 1742 2186 divinarum
1759 2114 1874 2211 legum
1892 2141 1985 2185 sanc·

405 2236 554 2308 tionibus
562 2240 687 2333 jugiter
699 2237 939 2308 inherentium.
955 2237 1020 2310 Pro
1034 2241 1131 2335 cujus
1140 2252 1305 2335 perpetuo
1316 2235 1533 2309 roboramine
1544 2252 1646 2334 atque
1656 2234 1848 2317 stabilitate,
1865 2236 1986 2309 domni

405 2358 524 2455 prelati
542 2358 682 2456 papaell
696 2385 829 2431 necnon
844 2358 913 2431 etl¹l
928 2364 1106 2432 memorati
1122 2359 1281 2431 marchisi
1289 2357 1315 2412 (’(
1329 2375 1430 2456 atque
1449 2360 1618 2455 Hugonis,
1637 2354 1805 2430 sanctael¹l
1825 2358 1985 2430 Rotoma-

405 2484 514 2576 gensis
530 2480 686 2552 aeclesiae
695 2478 723 2534 lt)
733 2480 1019 2579 colaepisoopitt,
1036 2483 1078 2554 ad
1094 2486 1192 2579 cujus
1206 2482 1368 2554 diocesim
1378 2485 1523 2577 pertinet
1532 2481 1717 2577 jamdictus
1731 2482 1841 2563 locus,
1853 2496 1984 2552 nostras

348 2623 380 2674 15
403 2601 538 2673 devenit
551 2603 594 2675 ad
609 2629 706 2673 aures
722 2607 838 2700 petitio
847 2602 872 2657 e)
888 2604 922 2675 id
937 2609 1051 2701 ipsum
1072 2620 1186 2675 nostro
1202 2619 1368 2700 perpetuo
1384 2603 1595 2675 manendum
1615 2601 1776 2675 roborare
1796 2602 1981 2674 fulcimine.

402 2722 563 2814 Quorum
583 2739 655 2796 rato
675 2725 808 2798 decreto
816 2720 846 2778 Β(
862 2742 975 2797 nostra
993 2727 1184 2798 excellentia
1200 2725 1315 2795 hilaris
1331 2725 1462 2796 reddita
1476 2750 1516 2796 ac
1535 2749 1655 2796 eorum
1676 2724 1842 2796 voluntati
1864 2748 1982 2794 aurem

404 2846 678 2928 accomodantes‚
697 2847 799 2919 veluti
814 2844 1099 2945 postulaverantl‘l
1113 2846 1185 2918 lieri
1199 2847 1468 2944 adjudicavimus
1485 2878 1493 2918 ε
1509 2847 1602 2919 unde
1618 2846 1719 2941 regali
1735 2848 1931 2917 auctoritate
1951 2861 1982 2915 et

402 2969 609 3063 indulgentia
627 2996 687 3065 per
700 2970 766 3041 hoc
787 2986 986 3067 preceptum
1008 2965 1177 3041 nostr-aetii
1191 2967 1458 3041 confirmationis
1479 2967 1589 3039 stabili
1602 2972 1681 3065 jure
1697 2966 1845 3039 eundem
1867 2967 1983 3038 locum

404 3095 437 3160 in
457 3090 577 3162 eodem
596 3118 665 3188 quo
683 3119 775 3163 nunc
792 3092 896 3190 pollet
911 3093 1045 3174 ordine,
1062 3092 1214 3164 videlicet
1228 3091 1427 3173 monachili,
1443 3116 1643 3188 permanere
1652 3090 1872 3162 concedimus
1886 3094 1982 3160 omni

346 3251 380 3286 ω
402 3228 555 3308 tempore
570 3218 642 3284 aevi
650 3213 686 3294 to,
703 3218 923 3311 precipientes
938 3218 1027 3310 regia
1049 3229 1210 3311 potestate
1223 3228 1261 3283 ut
1280 3239 1383 3284 nemo
1403 3238 1634 3285 successorum
1651 3228 1845 3283 nostrorum
1862 3238 1982 3308 regum

402 3361 514 3431 neque
531 3335 688 3432 quislibet
703 3337 855 3432 ejusdem
872 3339 965 3430 regni
979 3335 1167 3406 marchisus
1180 3363 1289 3431 neque
1308 3339 1367 3430 qui
1383 3339 1417 3404 in
1431 3351 1544 3406 sancta
1556 3336 1796 3428 Rotomagensi
1811 3334 1951 3405 aeclesia
1959 3327 1984 3387 ll

401 3458 514 3553 presul
522 3455 551 3511 (ὅ)
572 3485 634 3555 per
653 3457 884 3529 subvenientia
905 3473 1059 3555 tempora
1082 3462 1274 3529 successerit
1296 3458 1389 3553 quod
1410 3474 1525 3528 nostro
1546 3456 1745 3527 roboratum
1769 3453 1857 3527 esti*l
1877 3459 1983 3527 invit>

400 3578 492 3650 labili
510 3581 644 3652 decreto
665 3580 845 3676 infringere
867 3579 1003 3662 audeat,
1028 3585 1186 3676 quatinus
1210 3576 1324 3649 inibit]
1345 3580 1417 3650 Deo
1438 3582 1615 3649 sentientes
1639 3605 1679 3649 ac
1698 3578 1803 3650 divini
1825 3580 1949 3650 servitii
1957 3576 1983 3632 θ’(

401 3703 543 3773 cultores
557 3701 662 3773 libere
681 3703 750 3774 Deo
773 3706 917 3773 serviant
937 3719 970 3774 et
986 3729 1048 3800 pro
1067 3702 1164 3774 nobis
1182 3729 1221 3773 ac
1237 3707 1339 3773 totius
1357 3706 1449 3800 regni
1470 3700 1568 3771 nobis
1586 3728 1604 3771 a
1626 3702 1698 3771 Deo
1719 3700 1831 3771 collati
1849 3726 1982 3772 conser-

343 3848 377 3898 φᾶ
400 3828 532 3896 vatione
555 3851 688 3896 exorare
708 3841 845 3922 queant.
866 3825 909 3896 Et
926 3825 994 3897 hoc
1011 3841 1227 3922 preceptum,
1248 3824 1343 3921 quod
1362 3821 1406 3895 ob
1427 3849 1580 3895 amorem
1603 3825 1845 3920 omnipotentis
1865 3821 1929 3895 Dei
1949 3838 1981 3893 et

398 3948 587 4018 remedium
607 3952 720 4018 anime
742 3963 873 4017 nostrae
881 3943 909 3999 (Β
934 3946 1184 4029 roboravimus,
1212 3962 1251 4018 ut
1275 3946 1458 4017 firmiorem
1483 3944 1633 4017 obtineat
1660 3947 1828 4040 vigorem,
1857 3969 1982 4017 manus

398 4085 528 4140 nostrae
537 4067 566 4121 (Β
580 4074 824 4166 conscriptione
843 4068 958 4140 subter
973 4071 1182 4141 linnevimus
1198 4084 1230 4139 et
1246 4069 1289 4138 de
1306 4068 1408 4138 anrrlo
1423 4084 1538 4139 nostro
1554 4067 1690 4164 sigillari
1701 4061 1908 4162 jussimustt

440 4274 465 4328 (·(
483 4273 623 4335 Chrismoa
643 4276 710 4335 omis
726 4297 781 4356 par
795 4276 827 4333 C.
846 4309 887 4318 -—
907 4272 935 4327 (s)
954 4272 1094 4333 iohanne
1111 4273 1146 4333 Β.
1164 4307 1207 4319 -
1227 4271 1251 4325 l‘l
1268 4274 1364 4354 gracia
1384 4272 1417 4333 C.
1435 4308 1477 4319 -
1498 4269 1526 4325 (a)
1541 4293 1599 4355 que
1620 4272 1655 4332 Β.
1674 4307 1719 4318 -
1737 4269 1764 4324 ll
1777 4270 1867 4333 divna
1885 4269 1924 4332 B.
1938 4305 1982 4321 -

397 4378 424 4430 (Β
443 4378 671 4439 amonitionibus
688 4380 723 4438 Β.
741 4415 783 4424 -
806 4376 833 4430 lt)
846 4375 1056 4459 itr'll'instigati
1075 4376 1111 4436 Β.
1133 4376 1210 4436 Dans
1225 4375 1262 4446 C,
1279 4375 1306 4436 lo
1323 4377 1455 4459 premiere
1466 4375 1539 4458 ligae
1557 4386 1599 4444 st,
1613 4397 1668 4458 por
1681 4375 1765 4446 saite,
1780 4373 1818 4437 les
1830 4375 1981 4437 wath

395 4483 511 4566 ollooge's
526 4494 588 4543 oont
594 4483 729 4565 jasqa'aa
746 4493 800 4541 mot
814 4480 987 4541 utilitatibus
1001 4478 1097 4540 inclas.
1112 4515 1154 4526 -
1168 4478 1197 4533 (t)
1212 4478 1399 4541 ecclesiarum
1412 4479 1450 4540 Β.
1460 4514 1503 4526 -
1519 4476 1542 4534 ll
1555 4489 1586 4541 ct
1602 4477 1821 4541 amenitatibus
1832 4498 1980 4541 servm

397 4587 448 4647 liei
463 4585 495 4648 C.
509 4621 551 4634 -
567 4584 591 4640 ll)
607 4584 830 4669 capesscendam
839 4583 875 4643 Β.
887 4619 930 4630 ·-
941 4581 968 4636 (a)
982 4583 1141 4666 quemdam
1153 4582 1185 4645 C.
1196 4619 1238 4630 -
1249 4581 1271 4635 (Ι)
1288 4584 1418 4644 Montano
1428 4583 1495 4642 omn
1507 4603 1561 4662 ρα-
1571 4583 1606 4643 Β.
1619 4617 1663 4631 -
1678 4579 1713 4637 (“(
1725 4578 1979 4664 quamodoenistt.

395 4724 437 4736 -
451 4690 478 4742 ι’)
489 4689 662 4750 machinans
678 4688 709 4747 C.
723 4722 766 4734 -
787 4685 813 4740 (Β
825 4689 980 4747 autoritate
1000 4686 1036 4746 Β.
1052 4721 1095 4733 -
1111 4684 1140 4741 tri
1157 4697 1256 4747 macte
1274 4687 1405 4747 Romane
1426 4686 1463 4746 Β.
1480 4720 1524 4733 -
1536 4683 1564 4741 (Β
1582 4707 1656 4769 pape
1672 4685 1709 4745 Β.
1724 4720 1770 4733 -
1781 4682 1807 4739 (Β
1822 4683 1898 4746 inibi
1912 4683 1980 4746 onia
2031 4683 2037 4694 ’

393 4813 447 4873 par
459 4790 491 4854 C.
505 4826 548 4839 -
563 4791 587 4843 (·(
598 4801 789 4874 aggregantes
802 4789 918 4850 B.-l¹l
930 4811 1004 4873 pape
1017 4789 1140 4848 Β.--(·(
1153 4798 1183 4848 et
1195 4791 1262 4849 onan
1271 4811 1326 4871 par
1338 4788 1422 4849 C.—
1438 4787 1465 4843 l'l
1478 4788 1628 4850 marchiui
1641 4787 1724 4851 C.—
1737 4786 1764 4841 (“(
1783 4787 1980 4850 ΜΒ.-

397 4902 424 4951 dl
441 4894 544 4956 eclesia
565 4896 599 4955 B.
619 4929 662 4942 -
682 4895 706 4949 (¹)
722 4893 952 4978 archiepiscopus
971 4893 1008 4953 Β.
1025 4925 1068 4939 -
1089 4892 1113 4945 (·(
1131 4893 1236 4975 peticio
1253 4892 1286 4952 C.
1307 4927 1349 4938 -
1369 4891 1397 4944 (Β
1411 4893 1531 4953 decreto
1546 4892 1613 4954 onis
1627 4914 1682 4975 par
1696 4891 1734 4952 Β.
1751 4926 1797 4939 -
1812 4889 1838 4946 l‘l
1852 4889 1979 4976 post&-

396 5010 500 5059 verunt
514 4999 547 5058 Β.
559 5035 600 5046 -
616 4996 750 5058 titooeoe
766 4997 852 5057 Β.-
867 4994 947 5056 (levi
960 4994 994 5055 C.
1008 5029 1052 5042 —
1072 4993 1098 5048 t‘l
1113 4994 1215 5055 eclesia
1230 4996 1264 5055 Β.
1283 5030 1326 5042 -
1341 4995 1368 5047 (κ)
1383 4995 1494 5078 pressul
1512 4996 1547 5055 Β.
1560 5029 1603 5043 -
1618 4993 1648 5048 (a)
1662 5006 1706 5056 est
1725 4995 1792 5055 omis
1807 5015 1862 5078 par
1878 4994 1917 5056 Β.
1933 5028 1976 5042 -

396 5101 471 5164 tlibi
483 5101 515 5163 C.
528 5137 571 5149 -
587 5103 610 5155 Ul
618 5101 728 5161 servicii
741 5099 773 5160 C.
784 5133 828 5148 -
839 5098 867 5153 (a)
880 5108 977 5160 nosne
992 5099 1028 5158 Β.
1040 5132 1084 5145 -
1099 5097 1122 5151 (Ι)
1135 5096 1177 5158 lei
1193 5097 1218 5157 Β
1235 5098 1379 5166 ιἰιιοωαὶο,
1397 5098 1540 5176 dlale'gn
1556 5100 1695 5168 animata,
1711 5099 1790 5182 ape«
1806 5099 1886 5160 avoir
1901 5097 1981 5160 laissi

395 5229 426 5267 ea
454 5205 532 5266 llaec
545 5204 582 5265 las
599 5204 663 5264 trois
682 5215 776 5284 quarta
789 5201 823 5262 de
842 5202 870 5262 la
889 5201 962 5284 ligae
979 5201 1156 5268 macic,
1176 5201 1203 5262 la
1211 5201 1310 5284 sum
1327 5200 1455 5263 bellede
1470 5201 1627 5285 papulasve
1642 5199 1734 5270 1111,
1753 5223 1810 5283 qu
1825 5199 1852 5263 0
1868 5202 1977 5286 sajetta,

394 5332 432 5371 aa
456 5309 604 5378 commin,
624 5328 703 5390 apm
728 5305 764 5366 les
781 5306 867 5386 εἰμι
888 5302 922 5364 ds
937 5303 1095 5365 salidatioa.
1117 5305 1208 5372 Volci,
1225 5302 1332 5387 laprio
1352 5305 1376 5364 Β
1383 5304 1421 5374 C,
1443 5305 1469 5365 lo
1484 5314 1560 5366 texta
1577 5303 1612 5367 de
1627 5316 1698 5367 cette
1714 5303 1801 5376 tata,
1824 5303 1986 5387 rmbitc
