5084 6434
488 728 600 829 [973]
1143 726 1420 799 LOTllAlllll.
2002 724 2070 800 147

485 923 641 1004 precatus
656 922 703 976 est
721 921 758 977 ut
776 905 951 1001 quoddam
969 904 1175 976 beneficium
1190 909 1226 975 in
1241 930 1330 1002 pago
1344 905 1480 976 Pictam
1495 932 1556 1002 per
1576 905 1706 976 diversa
1722 905 1794 976 loca
1816 910 1935 985 situm,
1950 904 2073 976 benesi-

486 1032 577 1099 cium
591 1028 746 1100 videlicet
760 1028 856 1125 quod
871 1027 1068 1126 Aymericus
1085 1027 1279 1099 l’oarcensis
1296 1027 1338 1098 de
1354 1027 1414 1100 illo
1429 1032 1552 1106 tenuit,
1573 1028 1665 1099 illam
1683 1053 1823 1125 prorsus
1839 1031 1962 1099 curtim
1986 1054 2073 1125 quae

487 1151 588 1248 vulgo
606 1165 823 1247 nuncupatur
841 1151 944 1248 Faya,
962 1177 1041 1221 cum
1055 1154 1128 1247 ipsa
1141 1150 1266 1247 capella
1280 1154 1315 1220 in
1328 1151 1495 1221 honorem
1509 1154 1614 1222 sancti
1632 1150 1752 1221 Hilarii
1765 1149 1889 1230 dicata,
1904 1177 1971 1221 una
1992 1177 2072 1221 omn

485 1277 605 1370 pratis,
615 1272 835 1355 molendinis,
845 1273 950 1354 silvis,
960 1277 1057 1369 aquis
1065 1298 1272 1370 aquarumve
1281 1271 1479 1344 decursibus
1489 1273 1659 1369 simulque
1667 1289 1699 1344 et
1707 1272 2074 1368 collibertisutriusque

486 1422 581 1466 sexus
594 1411 626 1466 et
639 1421 741 1465 omne
758 1395 853 1492 quod
869 1395 911 1466 ad
923 1399 1031 1491 ipsam
1047 1397 1170 1466 curtim
1182 1398 1332 1466 cernitur
1347 1399 1531 1492 pertinere3
1544 1411 1577 1466 et
1589 1399 1625 1466 in
1638 1395 1705 1466 alio
1721 1396 1811 1476 locO,
1824 1399 1859 1465 in
1878 1398 1953 1492 ipso
1968 1421 2071 1492 pago,
2113 1405 2128 1458 ⁵

486 1518 626 1588 alteram
641 1517 804 1614 capellam
823 1521 858 1588 in
874 1517 1004 1589 bonore
1019 1520 1122 1589 sancti
1138 1517 1226 1588 Petri
1242 1518 1405 1597 (liceum,
1419 1521 1455 1587 in
1472 1518 1549 1588 villa
1565 1517 1714 1589 Misseria
1731 1521 1846 1599 sitam,
1865 1544 1944 1588 cum
1961 1517 2071 1590 dorni-

486 1639 565 1720 bus,
582 1640 764 1719 curtiferis,
782 1640 987 1735 virdegariis,
999 1645 1115 1720 vineis,
1130 1643 1242 1737 pratis,
1258 1640 1472 1719 molendinis,
1487 1644 1584 1737 aquis
1601 1666 1810 1737 aquarumve
1830 1638 2071 1720 decursibus-,tt

487 1767 582 1833 terris
594 1763 691 1832 cultis
703 1780 734 1833 et
748 1763 892 1841 incultis,
908 1767 1066 1858 quaesitis
1079 1779 1111 1832 et
1127 1762 1339 1866 inquirendis
1354 1777 1479 1834 etcum
1496 1761 1655 1833 omnibus
1671 1766 1817 1845 vicariis3
1834 1767 1973 1859 insuper
1987 1780 2019 1832 et
2038 1766 2070 1831 in

486 1885 552 1955 alio
573 1886 663 1964 loco,
685 1889 718 1954 in
741 1887 906 1957 Niortensi
930 1912 1034 1981 pago,
1051 1912 1157 1956 unam
1176 1885 1341 1982 capellam
1363 1885 1543 1956 inhonore
1563 1890 1668 1956 sancti
1689 1886 1862 1955 Satumini
1889 1901 2070 1963 sacratam,

486 2011 582 2077 sitam
605 2011 640 2077 in
657 2007 733 2076 villa
755 2033 842 2103 quae
861 2033 952 2077 nunc
965 2024 1105 2078 vocatur
1117 2007 1294 2089 Caranias,
1310 2007 1368 2078 sed
1381 2012 1567 2103 antiquitus
1580 2006 1764 2078 vocabatur
1785 2007 2025 2103 Laphen'acus,
2040 2023 2071 2076 et
2096 2042 2129 2079 ιο

485 2127 649 2223 quicquid
665 2128 707 2198 ad
724 2155 798 2199 eam
812 2131 978 2224 pertinere
990 2129 1138 2210 videtum
1155 2133 1293 2226 iusuper
1309 2146 1339 2199 et
1350 2145 1668 2226 quantumcumque
1681 2129 1723 2200 ad
1738 2134 1850 2225 ipsum
1866 2128 2070 2199 beneficium

485 2249 653 2346 Aymerici
663 2308 670 2327 ,
680 2250 773 2346 quod
793 2249 926 2321 tenebat
945 2278 982 2319 es
1000 2252 1149 2348 praelato
1160 2250 1319 2323 Gozbido
1335 2256 1473 2332 comite,
1485 2269 1595 2323 toturn
1611 2269 1644 2322 et
1660 2255 1844 2344 integrum,
1855 2251 1949 2348 quod
1962 2255 2070 2347 inqui·

485 2376 586 2442 situm
606 2377 758 2442 noscitur
780 2400 849 2442 esse
866 2374 917 2442 vel
942 2375 1094 2470 mortalis
1116 2374 1222 2444 homo
1244 2378 1366 2469 poterit
1390 2373 1584 2470 adquirere,
1605 2373 1764 2452 Arberto,
1784 2373 1961 2444 Toarcensi
1983 2378 2069 2444 sice-

484 2498 616 2571 comiti,
634 2512 666 2564 et
682 2500 777 2565 uxori
797 2522 891 2573 suae,
912 2495 1086 2566 llildeardi
1104 2500 1258 2575 nomine,
1271 2522 1332 2592 per
1348 2496 1465 2589 regalis
1481 2501 1649 2593 praecepti
1669 2512 1908 2566 testamentum
1924 2513 1956 2566 et
1977 2524 2070 2566 rareae

483 2621 656 2713 potestatis
672 2617 802 2688 donum
819 2618 976 2712 dignarer
991 2618 1185 2688 concedere.
1199 2617 1304 2706 Quod
1323 2618 1462 2689 audiens
1481 2645 1541 2714 ego
1561 2619 1753 2695 lotharius,
1773 2646 1826 2687 res
1844 2620 2068 2694 Francorum,
2095 2628 2126 2680 ¹5

484 2766 552 2808 non
569 2743 760 2836 cujuspiam
775 2740 967 2837 cupiditatis
983 2740 1052 2812 lare
1071 2767 1243 2821 accensus,
1262 2740 1319 2810 sed
1334 2739 1517 2810 inviolabili
1538 2767 1653 2811 amore
1674 2741 1769 2812 ducis
1788 2742 2069 2837 aquitanicorum

483 2878 514 2931 et
532 2862 761 2932 exhortatione
780 2867 846 2932 mei
865 2858 1131 2960 aprocrysuiitt
1149 2863 1269 2934 domni
1287 2861 1440 2933 videlicet
1458 2860 1610 2942 llelberi,
1628 2863 1856 2959 plurimorum
1877 2862 2069 2959 metropoli-

484 2999 641 3054 tanorum
651 2989 887 3081 episcoporum
899 3002 930 3055 et
942 2986 1073 3056 domini
1085 2983 1228 3056 Geboini
1239 3043 1246 3062 ,
1257 2983 1893 3082 magnificaegenerositatisepiscopil‘l,
1903 2985 2067 3079 placatus,

482 3106 576 3203 quod
591 3112 713 3177 mentis
724 3107 889 3178 desiderio
907 3135 991 3178 arne.
1010 3108 1239 3204 postularunt,
1259 3106 1377 3178 libenti
1395 3111 1510 3178 animo
1529 3133 1616 3177 ame
1634 3112 1872 3204 impetrarunt,
1885 3133 1925 3178 eo
1945 3108 2068 3177 scilieet

483 3242 597 3297 tenore
609 3245 643 3299 ut
654 3230 836 3325 ,quamdiu
854 3234 1011 3311 vixerint,
1023 3229 1086 3300 sub
1104 3233 1299 3301 testimonio
1313 3233 1394 3325 regii
1408 3233 1555 3327 precepti
1570 3245 1704 3300 teneant
1722 3246 1754 3300 et
1772 3229 1980 3326 possideant,
1993 3247 2068 3325 post
2091 3257 2125 3292 πο

482 3350 619 3421 illorum
639 3378 776 3448 quoque
794 3353 977 3424 discessum
995 3381 1062 3422 non
1086 3369 1269 3424 revertatur
1286 3353 1329 3424 ad
1349 3352 1460 3423 ullum
1478 3352 1628 3424 filiomm
1650 3379 1708 3423 seu
1725 3368 1934 3423 caeterorum
1944 3348 1972 3403 (δ’
1993 3380 2067 3449 pro

483 3478 693 3570 pinquorum
713 3476 762 3544 rel
784 3475 969 3546 haeredum
980 3474 1004 3526 l'l
1018 3475 1173 3558 illorum,
1190 3476 1248 3546 sed
1269 3475 1313 3547 ad
1330 3501 1417 3573 opus
1434 3473 1619 3546 abbatissae
1637 3491 1669 3546 et
1686 3476 1877 3572 puellarum
1896 3476 1960 3546 loci
1980 3475 2068 3547 illius

483 3594 555 3664 Deo
574 3611 605 3664 et
621 3596 772 3690 ejusdem
788 3595 904 3667 beatae
926 3597 1051 3668 Mariae
1068 3601 1221 3691 genitrici
1243 3625 1376 3669 necnon
1396 3615 1428 3668 et
1445 3597 1545 3668 beato
1565 3598 1718 3669 Andreae
1737 3615 1769 3669 et
1789 3614 1902 3669 sancto
1919 3598 2067 3668 lobanni

481 3715 686 3813 baptistael¹l
704 3719 942 3789 famulantium
952 3716 980 3771 Ψ
1001 3735 1038 3790 ut
1061 3724 1095 3790 in
1119 3718 1327 3814 subjectione
1353 3720 1553 3790 ancillarum
1576 3721 1639 3789 Dei
1661 3721 1913 3791 monaclaalium
1941 3746 2067 3816 respee

482 3855 586 3937 tuque
604 3866 721 3910 earum
742 3840 981 3912 inviolabiliter
999 3856 1194 3939 permaneat
1212 3840 1276 3911 sub
1289 3846 1434 3938 imperio
1455 3841 1612 3937 spiritalis
1630 3840 1832 3920 abbatissae,
1852 3868 1940 3938 quae
1955 3841 1997 3912 ad
2020 3869 2068 3911 re·
2089 3852 2122 3903 ’ὃ

479 3961 605 4055 gendes
623 3967 752 4031 animas
772 3967 907 4034 inventa
926 3964 1024 4034 suerit
1045 3963 1177 4035 idonea.
1199 3963 1382 4035 Precamur
1402 3964 1547 4060 denique
1571 3990 1690 4034 omnes
1710 3980 1842 4034 nostros
1863 3989 2067 4033 successores

481 4109 586 4178 reges,
600 4089 754 4164 comites,
768 4088 1005 4184 praesulesque
1017 4103 1047 4157 et
1064 4085 1200 4157 abbates
1217 4113 1348 4157 necnon
1365 4103 1394 4154 et
1412 4102 1550 4156 cunctos
1566 4085 1667 4182 hujus
1683 4090 1754 4155 aeri
1773 4112 1927 4182 proceres
1944 4102 1980 4156 ut
1996 4087 2067 4156 talis

480 4204 645 4277 abbatissa
668 4207 751 4278 inibi
776 4214 869 4280 omni
889 4226 1041 4306 tempore
1058 4214 1291 4291 constituatur,
1308 4235 1394 4306 quae
1416 4236 1484 4279 non
1501 4208 1612 4279 solum
1628 4208 1691 4278 sibi
1708 4208 1763 4278 sed
1788 4224 1818 4278 et
1837 4212 1975 4279 caeteris
1993 4210 2067 4279 aliis

480 4355 609 4423 praesse
630 4346 661 4399 et
678 4330 834 4427 prodesse
855 4332 1018 4402 rideatur.
1034 4331 1254 4428 Quicumque
1273 4347 1387 4402 autern
1405 4330 1564 4402 diabolici
1584 4334 1763 4401 instinctus
1780 4357 1893 4402 errore
1912 4358 2066 4428 ausuque

524 4528 546 4572 '¹¹
564 4529 645 4608 aquis
665 4549 839 4608 squammae
856 4527 1024 4587 decursibus
1043 4529 1109 4587 omis
1122 4550 1175 4609 par
1190 4527 1224 4587 Β.
1244 4561 1286 4574 -
1301 4524 1327 4579 p)
1342 4528 1584 4611 apogrisariorum
1601 4526 1637 4594 C,
1656 4528 1896 4610 apraerisiarorum
1912 4527 2022 4612 rorriye'
2034 4551 2066 4588 en

478 4631 639 4710 apsrrisarii
655 4628 721 4686 dm
739 4631 772 4688 ll.
791 4666 830 4675 -
855 4629 871 4679 'l
888 4628 1020 4702 llelberi,
1038 4632 1229 4690 bituricorum
1249 4628 1462 4714 metropolitani
1486 4631 1626 4713 episcopi,
1645 4640 1673 4689 et
1692 4641 1794 4690 rtomm
1813 4653 1953 4700 ueneror,
1976 4631 2065 4690 Picta·

480 4753 580 4791 vomm
598 4734 719 4792 ciuitatis
733 4735 858 4818 episcopi
876 4734 914 4800 B,
935 4758 965 4793 re
984 4736 1032 4813 qai
1050 4746 1088 4793 est
1110 4756 1161 4793 arte
1173 4735 1324 4795 corretion
1341 4756 1391 4813 qne
1407 4734 1431 4793 C
1445 4733 1532 4793 dom
1548 4756 1579 4793 err
1599 4756 1690 4815 marpe
1707 4744 1733 4793 rt
1750 4733 1800 4811 qni
1819 4735 1884 4792 e'rau
1903 4757 1963 4793 sons
1987 4734 2067 4792 dnm

478 4832 540 4915 de'je'
557 4858 588 4892 en
603 4836 639 4895 A.
659 4874 697 4881 «-
712 4835 739 4886 u)
754 4849 916 4897 retemmm
931 4838 963 4896 C.
979 4872 1019 4885 -
1034 4836 1058 4887 (θ)
1077 4836 1218 4898 heredum
1234 4838 1266 4898 C.
1280 4873 1322 4886 -
1338 4835 1363 4887 ⁵3¹)
1383 4835 1429 4896 taes
1446 4848 1512 4894 nota
1526 4836 1704 4898 Andreae...
1726 4836 1931 4898 lunulantium
1946 4860 2064 4921 exprme·

478 4936 534 4996 tori
549 4961 580 4996 en
596 4939 627 4997 C.
1874 5016 1897 5055 .

520 5116 545 5157 ‘¹'
571 5117 609 5174 La
630 5117 708 5175 seule
728 5119 838 5201 abbaye
859 5121 982 5178 existant
1009 5118 1085 5178 alon
1112 5121 1161 5202 qui
1188 5120 1230 5178 litt
1306 5119 1344 5179 de
1356 5117 2063 5206 &oneratissimumdsnstedtputement

475 5218 579 5277 dedier·
599 5228 614 5276 a
635 5223 708 5280 saint
726 5223 825 5281 Andre
842 5235 870 5281 et
891 5228 906 5280 'a
927 5224 1003 5282 seint
1015 5222 1230 5307 leto-Bapt'nte
1306 5222 1400 5283 acuet
1413 5221 1465 5283 der
1478 5222 1681 5285 tenestem

474 5333 503 5380 et
521 5324 575 5381 sire
589 5324 663 5383 dens
681 5324 708 5383 la
724 5328 848 5384 ricomte
865 5326 903 5385 de
921 5325 1053 5386 Tboum
1067 5328 1138 5387 tuit
1157 5323 1231 5385 cette
