5084 6434
537 695 580 768 ro
1180 695 1458 771 cornuae.
2003 698 2118 798 [9⁵5]

531 879 758 975 adimplemus
778 894 810 947 et
828 877 870 948 ab
888 881 962 974 ipso
978 877 1174 950 numm
1191 881 1227 948 in
1244 877 1361 951 futare
1380 904 1444 950 uus
1463 881 1614 975 rudperte
1628 903 1817 976 spatam
1831 876 2057 977 Qmpoptc
2073 877 2118 951 ad

532 1005 685 1072 notitiam
699 1004 856 1072 omnium
869 1015 940 1071 tam
947 1003 1179 1098 praesentium
1193 1027 1299 1097 qrram
1310 1001 1506 1074 suanorum
1514 1003 1691 1099 pureuire
1703 1001 1863 1072 volumus
1878 998 2003 1098 quoda
2020 1026 2120 1071 vene

533 1123 629 1193 rabili
647 1122 801 1204 braido,
821 1123 1008 1193 Remorum
1023 1122 1292 1221 archiepiscopo,
1309 1123 1432 1195 dilecto
1450 1139 1482 1194 et
1497 1121 1588 1195 fideli
1604 1119 1765 1205 nostrol'l,
1781 1122 1984 1220 interpellati
1996 1148 2120 1193 sumus
2199 1194 2208 1207 ,

532 1247 574 1316 de
597 1245 749 1342 quodam
772 1248 977 1315 monasterio
999 1247 1035 1314 in
1057 1248 1131 1315 vico
1154 1241 1356 1317 Virisiacol’l
1372 1249 1451 1328 sit0,
1470 1249 1618 1343 antiquis
1641 1241 1818 1342 quideml‘l
1840 1244 2053 1342 temporibus
2074 1244 2118 1316 ad

496 1375 512 1427 ὃ
533 1368 728 1463 religionem
749 1365 838 1437 bene
853 1369 1033 1448 instructo,
1051 1366 1112 1439 sed
1134 1381 1295 1439 vetustate
1314 1369 1478 1465 temporis
1485 1361 1528 1451 (ἢ,
1549 1364 1726 1438 deficiente
1742 1364 1838 1439 cultu
1848 1368 2014 1463 justitiae,
2030 1392 2118 1465 pene

533 1489 575 1560 ad
601 1490 746 1560 nihilmn
770 1517 879 1586 usque
904 1490 1062 1561 deducto.
1081 1488 1196 1578 Quem
1216 1490 1343 1561 scilicet
1364 1491 1478 1561 locum
1503 1488 1695 1586 praedictus
1719 1486 1919 1561 venerabilis
1941 1485 2116 1571 Artaldus,

532 1613 719 1703 Remorum
737 1613 1024 1710 archiepiscopus,
1040 1613 1084 1684 ad
1094 1613 1261 1683 honorem
1276 1614 1340 1684 Dei
1350 1629 1382 1684 et
1396 1616 1502 1684 sancti
1512 1611 1711 1684 confessoris
1725 1611 1837 1684 Basoli
1855 1611 1985 1683 ibidem
2001 1628 2117 1682 sancto

533 1762 673 1832 corpore
693 1738 894 1831 quiescentis
913 1750 1096 1805 restaurare
1113 1738 1268 1832 cupiens,
1284 1761 1347 1833 per
1367 1737 1577 1806 voluntatem
1598 1751 1631 1805 et
1647 1731 1884 1806 consensuml‘)
1902 1736 2119 1805 antecessoris

534 1861 705 1954 nostrique
719 1861 879 1952 genitoris
894 1856 1014 1927 domni
1025 1856 1205 1937 tudovici,
1220 1859 1430 1929 Francorum
1444 1861 1545 1952 regis,
1557 1873 1729 1953 praesente
1746 1872 1778 1927 et
1792 1856 2015 1928 confirmante
2027 1859 2118 1950 geni-

481 2014 513 2048 10
534 1983 613 2050 trice
636 1996 764 2061 nostra,
782 1979 909 2050 domna
928 1978 1097 2074 Gerberga
1115 1982 1245 2075 regina,
1263 1979 1432 2076 quosdam
1448 1983 1628 2051 canonicos
1648 1980 1862 2051 saeculariter
1874 1982 2038 2059 viventes,
2057 1981 2116 2074 qui

533 2101 579 2172 ibi
595 2118 671 2199 post
684 2106 906 2172 monasticam
919 2106 1208 2172 conversationem
1220 2102 1428 2182 resederant,
1440 2103 1520 2174 inde
1530 2103 1708 2173 eliminans
1722 2105 1819 2197 ejecit
1834 2117 1867 2170 et
1884 2127 1947 2197 pro
1960 2103 2008 2171 eis
2029 2104 2118 2171 viros

533 2224 700 2320 regulares
717 2226 910 2305 collocavit,
927 2222 1055 2321 quibus
1072 2239 1105 2294 et
1125 2222 1282 2295 abbatem
1302 2224 1492 2320 regularem
1510 2222 1687 2322 praefecit,
1709 2227 1821 2294 virum
1835 2227 1970 2319 justum
1991 2238 2024 2292 et
2043 2247 2116 2294 mo

533 2351 678 2417 nasticae
700 2349 902 2417 institutioni
925 2344 1176 2427 fidelissimum,
1196 2350 1339 2417 nomine
1358 2341 1574 2426 Odoleumtt
1594 2349 1650 2417 cui
1673 2361 1705 2416 et
1726 2346 1842 2417 looum
1865 2372 1904 2415 ex
1926 2349 2056 2440 integro
2074 2342 2117 2415 ad

533 2469 719 2565 regularem
739 2469 1008 2539 dominationem
1026 2467 1162 2539 tradidit
1186 2484 1219 2539 et
1240 2482 1382 2551 terram,
1408 2494 1496 2564 quae
1518 2472 1612 2565 prius
1627 2467 1690 2539 sub
1712 2494 1817 2539 manu
1834 2470 2079 2538 canonicorum
2088 2462 2119 2518 (Ι)

480 2598 511 2649 ¹5
532 2589 655 2671 luerat,
675 2591 901 2686 oidelegavit,
918 2607 951 2660 et
966 2615 1004 2660 ex
1025 2589 1126 2660 rebus
1145 2595 1292 2687 propriis
1315 2591 1443 2661 eisdem
1463 2589 1622 2661 tratribus
1644 2589 1838 2686 frequentor
1859 2615 1957 2661 mom
1975 2603 2117 2687 paterno

532 2712 695 2810 providit;
715 2717 854 2811 insuper
873 2728 906 2782 et
930 2738 969 2782 ex
991 2739 1031 2782 eo
1052 2714 1146 2809 quod
1162 2717 1233 2810 ipse
1251 2712 1316 2783 sub
1332 2740 1438 2783 manu
1454 2739 1512 2782 sua
1529 2711 1680 2794 tenebat,
1699 2713 1781 2784 alios
1796 2715 1964 2807 sexaginta
1982 2735 2117 2782 mansos

532 2834 664 2908 addidit
682 2861 746 2934 per
768 2834 898 2907 diversa
919 2834 994 2906 loca
1019 2838 1054 2905 in
1077 2834 1399 2932 circumjacentibus
1424 2835 1510 2904 villis
1532 2837 1628 2916 sitos,
1653 2834 1688 2905 id
1714 2838 1820 2906 estin
1841 2832 2004 2907 Virisiaeo
2013 2826 2056 2915 Μ,
2081 2833 2116 2904 in

532 2973 625 3028 curte
645 2954 816 3040 vezanatt,
836 2962 872 3028 in
892 2958 1039 3028 Carriaco
1051 2952 1087 3038 θ’),
1107 2961 1144 3028 in
1164 2957 1415 3038 Marcodomro,
1438 2961 1473 3027 in
1490 2957 1709 3028 Cunneleno.
1726 2957 1886 3053 Cumque
1902 2956 1988 3027 haec
2001 2957 2115 3027 omnia

532 3081 674 3151 lideliter
694 3096 727 3150 et
747 3081 867 3150 devote
884 3106 947 3177 pro
968 3106 1082 3149 amore
1104 3079 1167 3150 Dei
1188 3096 1221 3151 et
1235 3080 1323 3149 sedis
1338 3106 1417 3149 suae.
1436 3079 1540 3149 salute
1556 3080 1804 3175 complevisset,
1822 3094 1971 3150 nostram
1990 3082 2115 3169 regiam

477 3236 512 3271 πο
532 3203 765 3272 celsitudinem
772 3198 802 3253 ll
817 3198 899 3272 adiit
907 3196 930 3251 (¹)
940 3217 971 3270 et
989 3215 1028 3271 ut
1041 3217 1153 3272 nostra
1171 3201 1375 3271 authoritate
1391 3217 1509 3273 votum
1526 3227 1627 3272 suum
1645 3201 1926 3272 confirmaremus
1940 3197 2117 3271 humiliter

533 3327 689 3421 expetivit
697 3320 743 3392 (¹¹¹³.
757 3322 864 3413 Quod
880 3339 912 3392 et
925 3348 985 3392 nos
1000 3320 1144 3393 libenter
1159 3324 1333 3396 audientes
1348 3339 1380 3394 et
1393 3351 1527 3395 summa
1537 3324 1707 3394 alacritate
1722 3322 1967 3406 collaudantes,
1981 3337 2115 3394 nostrae
2135 3393 2139 3401 ,

534 3450 640 3537 regiae.
656 3448 900 3542 praeceptionis
916 3443 1025 3515 stabili
1041 3446 1175 3517 decreto
1198 3450 1434 3518 constituimus
1456 3462 1559 3543 atque
1581 3446 1824 3518 confimramus
1844 3442 1920 3517 mter
1944 3442 2115 3542 quidquid

535 3568 625 3637 idem
640 3566 839 3637 venerabilis
855 3566 1127 3664 archiepiscopus
1143 3567 1186 3638 ad
1202 3567 1338 3639 laudem
1355 3585 1387 3638 et
1400 3570 1546 3664 gloriam
1562 3570 1626 3639 Dei
1641 3567 1718 3639 lecit
1736 3573 1777 3639 sit
1791 3584 1919 3648 ratum,
1943 3565 2063 3638 stabile
2083 3582 2114 3639 et

533 3687 673 3760 firmum
693 3704 811 3759 ettam
830 3691 950 3760 nostris
970 3715 1075 3786 quam
1091 3688 1348 3762 suceedentibus
1367 3689 1578 3788 temporibus
1599 3689 1791 3761 inviolabile
1809 3704 1841 3760 et
1860 3693 2114 3788 incomrptumz

478 3821 511 3873 ²5
533 3827 621 3883 totus
645 3839 722 3883 sero
747 3813 860 3895 locus,
882 3829 913 3883 et
935 3812 1107 3910 quidquid
1123 3812 1253 3886 ibidem
1277 3812 1478 3911 deputatum
1496 3830 1544 3883 est
1562 3812 1605 3883 ad
1624 3816 1749 3884 rictum
1769 3810 2034 3891 monachorum,
2052 3809 2116 3883 sub

534 3934 741 4031 providentia
758 3951 791 4004 et
804 3934 1048 4030 gubernatione
1061 3934 1192 4007 abbatis
1208 3940 1251 4007 sit
1265 3940 1502 4015 constitutum,
1516 3935 1699 4030 nullusque
1712 3962 1751 4005 ex
1761 3932 2021 4006 succedentibus
2033 3960 2116 4031 pon-

534 4057 677 4127 tilicibus
697 4057 869 4127 llemensis
886 4059 1041 4127 eeclesiae
1059 4057 1180 4129 habeat
1195 4059 1365 4128 licentiam
1380 4057 1499 4126 exinde
1512 4058 1641 4153 aliquid
1657 4062 1811 4128 minuere
1824 4057 1875 4126 vel
1891 4055 2038 4138 auferre,
2057 4054 2115 4127 sed

532 4183 644 4274 ‹prieta
663 4205 744 4274 pare
763 4179 920 4248 monaehi
937 4178 1168 4269 regularitate
1183 4178 1246 4249 sub
1262 4184 1476 4250 immunitate
1493 4182 1690 4250 sanctissimi
1706 4177 1903 4249 confessoris
1916 4177 2028 4250 Basoli
2040 4177 2114 4250 Deo

533 4305 675 4370 sortiunt
695 4316 726 4370 et
741 4300 804 4370 sub
821 4301 962 4396 regulari
978 4300 1099 4371 abbate
1115 4329 1175 4398 per
1190 4302 1302 4372 littura
1318 4318 1471 4399 tempora
1491 4306 1604 4372 vivant
1624 4317 1656 4371 et
1676 4329 1740 4399 pro
1761 4299 1858 4371 nobis
1882 4301 2024 4371 Domini
2043 4303 2114 4399 pie·

476 4421 512 4473 3⁰
534 4439 633 4493 tatem
654 4450 770 4494 secura
788 4424 1027 4519 tranquillitate
1047 4440 1192 4494 exorent.
1216 4424 1257 4495 Ut
1275 4440 1388 4497 autem
1409 4424 1475 4494 hoc
1493 4440 1623 4493 nostrae
1643 4425 1852 4495 authoritatis
1871 4423 1980 4519 regale
1999 4423 2113 4496 decro-

575 4679 597 4727 {⁸}
618 4678 775 4736 Remorum
790 4675 1006 4761 archiepiscopo
1021 4676 1099 4735 dicto
1117 4687 1147 4735 et
1164 4675 1325 4760 specialiter
1339 4687 1435 4734 nostro
1455 4677 1494 4744 ll,
1513 4677 1670 4735 llemomm
1687 4674 1902 4758 archiepiscopo
1918 4673 2070 4734 dominico
2084 4680 2113 4733 el

532 4779 646 4864 speciali
663 4791 761 4840 nostro
776 4778 807 4841 C.
825 4779 954 4862 Corripe:
968 4778 1075 4839 dilecto
1088 4791 1117 4839 et
1132 4777 1211 4838 lideli
1225 4789 1335 4839 nostro.
1349 4814 1390 4824 —
1407 4776 1434 4832 (a)
1456 4778 1583 4841 Vrrziaco
1600 4778 1631 4839 C.
1645 4813 1687 4825 -
1702 4775 1727 4829 l‘l
1749 4777 1868 4860 quidem
1882 4777 1949 4836 omis
1959 4799 2014 4860 pur
2027 4772 2059 4837 C.
2074 4808 2115 4825 -·

532 4880 560 4928 'll
582 4882 632 4942 sed
651 4892 790 4941 vetustate
805 4880 923 4965 quidem
943 4882 1081 4964 temporis
1094 4880 1126 4941 C.
1141 4918 1181 4926 —
1193 4879 1220 4935 l‘l
1242 4904 1388 4942 assensum
1402 4881 1433 4943 C.
1449 4880 1696 4959 DEFcoafirnuat
1709 4879 1736 4939 lu
1748 4879 1822 4957 lefort
1832 4900 2005 4942 consensum
2015 4874 2117 4940 dona&

530 5007 583 5067 par
596 4987 630 5044 ll.
644 5020 686 5031 —
701 4982 726 5038 (ἢ
746 4985 892 5045 (ldeleum
908 4984 938 5044 C.
955 4983 998 5044 lei
1011 5005 1106 5045 m
1120 4984 1202 5043 ΜΨ
1212 4984 1408 5067 confirmantia
1425 4985 1498 5062 lecca
1513 4983 1661 5045 Odolenm
1674 4983 1773 5044 mdc
1785 5004 1839 5066 per
1854 4982 1889 5044 ll.
1903 5016 1947 5031 --
1962 4982 1991 5037 bl
2014 5000 2115 5044 Μι-

532 5089 653 5147 chorum
671 5090 702 5147 C.
718 5087 799 5146 ΗΒΕ
810 5089 966 5171 confirment
981 5088 1007 5145 la
1020 5087 1092 5163 lesora
1104 5091 1313 5149 eanonicoruut
1326 5088 1425 5148 donrrec
1437 5112 1491 5170 par
1510 5090 1544 5148 ll.
1558 5126 1599 5133 —-
1613 5087 1641 5139 (Μ
1664 5088 1802 5148 Virizinco
1818 5084 1848 5147 (J.
1859 5123 1902 5132 —
1915 5085 1938 5137 lli
1957 5087 2066 5147 Visaria
2080 5084 2115 5147 Β.

532 5227 574 5239 -
588 5191 614 5243 tn
634 5192 758 5251 (lariaco
773 5191 809 5251 ll.
823 5225 864 5237 -
878 5189 906 5243 Μ
928 5202 1057 5250 matram
1070 5189 1274 5252 ωὶίίιιΙίιηπι
1292 5194 1404 5274 Qua
1419 5196 1452 5253 C.
1468 5228 1510 5238 —-
1529 5191 1553 5243 (Ι)
1575 5192 1611 5250 ad
1633 5191 1688 5250 boc
1704 5192 1740 5252 ll.
1760 5224 1803 5241 ·-
1822 5190 1858 5245 Η
1878 5191 2000 5275 expuunt
2019 5190 2053 5251 C.
2074 5222 2115 5235 -

533 5296 560 5348 ¹·)
582 5305 614 5355 ut
630 5295 696 5353 omis
712 5315 765 5376 pm·
781 5293 813 5355 C.
829 5327 869 5341 -
884 5293 912 5347 bl
931 5292 1068 5354 monaehi
1080 5292 1250 5376 τιμίω
1268 5295 1335 5355 aare
1349 5318 1403 5378 par
1418 5297 1456 5356 ll.
