5084 6434
547 719 615 791 rso
1165 719 1327 789 acres·
1358 718 1496 790 rius
2012 720 2124 819 [98⁶]

540 897 645 987 Mariq
665 902 804 968 nomine
827 898 1044 979 sanctificata,
1065 914 1097 967 et
1120 903 1152 967 in
1172 899 1292 968 eodem
1312 903 1489 978 comitatu,
1509 902 1544 968 in
1562 914 1721 995 potestate
1748 898 1899 980 lsiacall,
1917 902 2016 991 vinee
2034 901 2126 972 unde

539 1023 605 1089 exit
626 1045 745 1090 census
766 1020 953 1090 solidorum
978 1021 1117 1103 .X1.;in
1136 1023 1299 1091 comitatu
1326 1024 1427 1091 etiam
1446 1020 1682 1102 Milidunensi,
1700 1024 1734 1090 in
1754 1036 1915 1119 potestate
1931 1021 2123 1103 Saviniaca,

541 1168 676 1212 mansus
698 1144 734 1212 .l.
756 1142 828 1234 llec
844 1146 959 1213 omnia
982 1144 1173 1241 supradicta
1196 1143 1246 1211 vel
1267 1170 1335 1239 quq
1351 1144 1510 1240 deinceps
1525 1170 1543 1214 a
1559 1143 1731 1214 catholicis
1745 1147 1824 1215 viris
1844 1144 1956 1215 eidem
1971 1140 2126 1217 collatas*l

541 1264 664 1333 fuerint
685 1265 840 1355 aecclesie
867 1263 911 1334 ob
934 1291 1085 1336 amorem
1108 1266 1168 1335 Dei
1193 1281 1225 1335 et
1248 1269 1469 1336 reverentiam
1493 1269 1644 1363 ipsorum
1668 1282 1862 1337 sanctorum
1880 1266 2125 1339 confrnnamus

504 1396 518 1446 5
540 1390 735 1457 auctoritato
753 1403 881 1467 nostra,
899 1391 1057 1485 quatinus
1073 1415 1205 1484 semper·
1221 1387 1284 1456 suh
1299 1389 1494 1485 plenissima
1509 1387 1702 1459 defensione
1720 1405 1753 1458 et
1769 1392 1962 1459 emunitatis
1980 1393 2124 1461 tuitione

539 1508 753 1580 corroborata
777 1526 1014 1608 permaneant,
1037 1513 1081 1579 ita
1101 1510 1256 1581 videlicut
1278 1525 1314 1579 ut
1337 1510 1450 1580 nullus
1473 1508 1598 1581 abhinc
1620 1510 1662 1582 ad
1686 1537 1802 1582 causas
1821 1511 1998 1607 exigendas
2009 1510 2046 1594 Μ,
2066 1528 2123 1583 aut

539 1630 632 1701 freda
663 1632 713 1702 sel
745 1631 867 1702 tributa
898 1632 1073 1728 exigenda,
1095 1648 1152 1702 aut
1184 1636 1376 1703 mansiones
1400 1632 1451 1702 sel
1477 1648 1608 1730 paratas
1630 1631 1815 1715 faciendas,
1837 1633 1887 1702 vel
1910 1630 2125 1730 fidejussores

539 1752 718 1836 tollendos,
738 1771 795 1826 aut
816 1754 972 1824 homines
996 1755 1147 1849 ejusdem
1167 1754 1322 1845 aecclesie
1342 1770 1411 1825 tam
1430 1758 1592 1850 ingenuos
1616 1782 1720 1852 quam
1740 1782 1852 1826 servos
1874 1782 1977 1853 super
1999 1771 2122 1827 terram

539 1882 689 1974 ipsomm
705 1893 960 1947 commanentes
968 1873 995 1927 (Λ)
1008 1880 1129 1972 injuste
1146 1877 1391 1972 distringendos
1404 1904 1467 1948 nec
1482 1877 1565 1947 ullas
1581 1876 1799 1949 redibitiones
1813 1893 1872 1948 aut
1886 1878 2017 1949 illicitas
2032 1904 2123 1950 acm·

486 2035 518 2069 to
538 2006 647 2071 siones
662 2000 880 2096 requirendas
898 2003 1018 2069 nostris
1033 2014 1066 2068 et
1080 1998 1201 2068 futuris
1216 1998 1427 2095 temporibus
1437 2000 1567 2095 ingredi
1583 2000 1705 2071 audeat
1723 2000 1776 2071 vel
1791 2027 1829 2070 ea
1844 2025 1912 2096 que
1932 2025 2034 2100 supra
2055 2026 2123 2071 nte

540 2139 666 2193 morata
691 2138 769 2192 sunt
790 2125 918 2216 exigere
940 2138 1126 2219 presumat,
1147 2121 1205 2191 sed
1227 2121 1324 2191 liceat
1346 2120 1459 2192 abbati
1482 2124 1619 2218 suisque
1637 2120 1883 2193 successoribus
1905 2148 1958 2193 res
1980 2122 2122 2222 predicti

539 2249 732 2316 monasterii
763 2243 825 2314 sub
856 2246 1048 2313 emunitatis
1080 2258 1190 2333 nostre
1224 2242 1455 2315 defensionem
1478 2247 1593 2341 quieto
1618 2244 1738 2316 ordine
1766 2244 1953 2343 possidere,
1978 2244 2052 2343 [ut]
2079 2244 2124 2317 ad

538 2368 704 2464 stipendia
730 2367 975 2437 monachorum
1003 2364 1129 2436 ibidem
1157 2367 1229 2436 Deo
1255 2365 1492 2436 famulantium
1519 2366 1751 2464 perhennibus
1772 2365 1980 2465 proficialn]t
1994 2364 2020 2418 “l
2041 2384 2122 2439 tem·

539 2488 679 2586 poribus
702 2493 735 2559 iu
753 2493 953 2586 augmentis.
973 2489 1137 2560 Volumus
1155 2492 1255 2559 etiam
1280 2506 1320 2558 ut
1342 2505 1453 2559 noster
1473 2515 1511 2559 ac
1530 2504 1652 2570 vester,
1674 2515 1695 2561 0
1714 2490 1783 2563 dux
1806 2486 2028 2567 carissimcl‘l
2046 2515 2121 2561 cm·

486 2621 516 2672 15
538 2616 703 2709 uiumque
719 2615 954 2709 episcoporum
973 2639 1011 2681 ac
1026 2615 1191 2682 comitum
1211 2615 1244 2680 in
1259 2610 1325 2681 hoc
1342 2610 1524 2682 concordet
1538 2637 1691 2682 assensus
1711 2628 1748 2682 ut
1770 2612 1861 2683 idem
1878 2611 1974 2683 locus
1988 2636 2123 2711 semper

537 2733 694 2805 abbatem
716 2733 836 2805 habeat
853 2762 891 2803 ex
913 2737 1051 2831 propria
1071 2736 1346 2829 congregatione,
1364 2737 1424 2831 qui
1444 2737 1550 2829 ipsam
1575 2760 1686 2804 cassam
1709 2735 1773 2805 Dei
1795 2749 1829 2804 et
1851 2732 2038 2805 monachos
2057 2730 2121 2805 ibi·

535 2858 613 2927 dem
626 2857 781 2953 degentes
796 2884 875 2927 cum
892 2857 1036 2927 normali
1052 2855 1182 2927 honore
1200 2854 1422 2927 custodiendo
1437 2871 1567 2926 tractet.
1585 2855 1766 2953 Simulque
1784 2856 1943 2927 volumus
1955 2870 1995 2926 ut
2008 2854 2122 2927 nullus

535 2981 812 3078 metropolitanus
827 2995 882 3049 aut
895 2980 1015 3075 aliquis
1025 2975 1139 3049 suusssl
1150 2976 1320 3074 subjectus
1332 2981 1503 3074 etiamque
1513 2976 1664 3074 pontifex
1675 2977 1860 3050 Parisiacus
1869 3004 1970 3049 causa
1978 2978 2123 3077 alicujus

534 3103 755 3173 ordinationis
770 3103 850 3173 illuc
865 3100 993 3197 ingredi
1010 3116 1198 3198 presumat,
1212 3103 1276 3170 uisi
1292 3115 1429 3170 vocatus
1443 3104 1572 3170 venerit
1586 3116 1644 3171 aut
1660 3100 1704 3171 ad
1719 3116 1868 3171 sanctam
1883 3101 2025 3171 missam
2039 3098 2123 3193 cele·

479 3258 513 3293 πο
535 3224 700 3295 brundam
716 3240 775 3294 aut
789 3224 833 3294 ad
846 3222 1000 3313 ecclesias
1013 3222 1256 3293 consecrandas
1271 3238 1330 3291 aut
1345 3222 1388 3293 ad
1398 3220 1650 3293 benedictiones
1662 3216 1924 3293 cterichorumtt
1934 3220 2118 3302 faciendas,

534 3362 565 3415 et
584 3346 678 3441 quod
694 3344 847 3416 debitum
866 3370 1021 3415 excusare
1040 3370 1108 3414 non
1127 3342 1225 3414 debet
1246 3347 1307 3441 qui
1322 3359 1458 3415 vocatus
1473 3342 1589 3425 fuerit;
1602 3360 1634 3415 ct
1654 3346 1819 3441 quoniam
1834 3346 2004 3441 peregrini
2018 3358 2121 3441 atquc

534 3468 717 3561 alienigene¹
739 3494 807 3537 esse
828 3482 1025 3545 noscuntur,
1048 3465 1209 3561 benigne,
1230 3466 1489 3537 misericorditer
1509 3493 1548 3537 ac
1567 3470 1621 3565 pie
1641 3494 1659 3536 a
1680 3465 1779 3537 bonis
1798 3482 1831 3535 et
1850 3465 2024 3538 catholicis
2040 3467 2120 3537 viris

534 3615 667 3686 semper
684 3593 813 3660 tractari
830 3615 868 3659 ac
883 3591 1035 3658 contueri
1051 3586 1205 3659 debeutfl
1220 3615 1283 3685 pro
1298 3588 1433 3686 xpisto,
1450 3614 1555 3685 aquo
1571 3605 1603 3659 et
1623 3616 1684 3659 nos
1699 3590 1813 3660 cuncti
1824 3584 1849 3639 fil
1863 3592 2119 3685 peregrinamur

535 3714 566 3779 in
587 3712 728 3783 mundo.
746 3712 967 3783 Decrevimus
987 3713 1089 3801 etiam
1105 3736 1164 3806 per
1182 3714 1286 3781 nostri
1305 3714 1538 3781 auctoritatem
1557 3714 1707 3808 precepti
1729 3726 1768 3782 ut
1788 3735 1891 3781 nemo
1909 3736 2013 3807 super
2030 3713 2118 3811 ipsos

479 3842 510 3894 ’ὃ
532 3860 643 3905 servos
662 3834 723 3906 Dei
741 3848 938 3931 potestatem
956 3847 1105 3903 exerceat
1126 3847 1185 3903 aut
1208 3837 1405 3930 quempiam
1422 3836 1508 3903 inter
1527 3858 1584 3903 eos
1605 3848 1722 3904 contra
1737 3832 1945 3904 voluntatem
1963 3835 2115 3931 ipsorum

533 3960 706 4053 imponere
726 3971 880 4052 temptet,
900 3955 956 4025 sed
973 3958 1007 4024 in
1024 3981 1144 4026 eorum
1162 3980 1296 4051 semper
1313 3955 1547 4050 dispositione,
1567 3955 1780 4025 ordinatione
1798 3970 1830 4026 et
1848 3954 2011 4026 eloetionc
2028 3956 2118 4027 intus

532 4094 563 4147 et
579 4079 658 4149 foris
676 4081 790 4148 omnia
809 4080 1006 4158 consistant,
1023 4080 1184 4172 quatinus
1202 4103 1314 4146 servos
1330 4078 1409 4156 Dei,
1427 4080 1485 4172 qui
1505 4075 1589 4147 inibi
1610 4076 1681 4147 Deo
1698 4074 1918 4156 famulantur,
1936 4101 2001 4176 pro
2018 4074 2117 4149 nobis

532 4216 560 4269 et
581 4204 724 4297 conjuge
743 4228 780 4270 ac
799 4215 910 4269 nostra
928 4200 1023 4297 prole
1035 4222 1099 4269 'seu
1117 4225 1179 4296 pro
1197 4200 1285 4270 duce
1302 4203 1442 4295 ejusque
1461 4202 1604 4295 conjuge
1622 4225 1754 4270 necnon
1777 4216 1807 4269 et
1829 4198 1923 4296 prole
1942 4199 1994 4269 rel
2014 4196 2115 4271 stabi·

533 4325 620 4392 litate
641 4326 741 4393 totius
761 4326 853 4417 regui
875 4350 892 4391 a
915 4322 986 4393 Deo
1007 4320 1105 4392 nobis
1127 4326 1274 4392 concessi
1298 4348 1429 4418 proque
1450 4322 1600 4391 remedio
1621 4324 1812 4391 animarum
1833 4347 1953 4393 corum
1972 4324 2034 4421 qui
2052 4346 2115 4422 pro

476 4466 510 4513 :30
531 4472 645 4515 autori·
659 4446 719 4515 l)ei
735 4461 768 4515 et
783 4460 975 4514 sanctorum
993 4443 1075 4514 inibi
1093 4471 1151 4515 sua
1169 4444 1335 4515 tradidere
1351 4444 1506 4522 donaria,
1521 4470 1640 4513 cortun
1655 4469 1794 4541 quoque
1813 4446 1874 4543 qui
1889 4442 2013 4515 futuris
2028 4458 2114 4515 tent·

533 4566 670 4663 poribus
686 4567 796 4638 daturi
814 4582 889 4635 sum
909 4570 1037 4662 puuuia
1058 4567 1167 4636 Deum
1184 4570 1296 4662 quiete
1309 4567 1404 4636 liceat
1425 4592 1560 4636 exorare
1571 4562 1609 4636 ‘ll
1629 4561 1703 4636 Fa‘l
1718 4565 1808 4637 hauc
1824 4562 2113 4643 auctoritateret).

573 4804 597 4850 Μ
614 4800 711 4859 Ysiaca
728 4799 759 4860 C.
777 4835 817 4846 -
834 4798 860 4849 a,
876 4796 987 4859 conlata
1002 4802 1033 4859 C.
1050 4834 1091 4847 —
1108 4799 1132 4851 l‘l
1149 4798 1280 4882 Corripe:
1295 4798 1462 4858 audiendas.
1480 4834 1521 4845 -
1538 4798 1565 4849 ¹³¹)
1580 4799 1766 4859 dominantes
1782 4796 1814 4859 C.
1829 4832 1873 4846 -
1887 4794 1913 4851 l‘l
1933 4796 1988 4859 Bc
1998 4796 2116 4859 haut

529 4904 630 4985 quieto
643 4904 746 4963 ordine
762 4903 906 4987 possidere
921 4902 958 4961 ad
973 4903 1117 4987 stipendia
1131 4902 1342 4962 monachor-mn
1357 4880 1467 4961 ibidem
1481 4903 1543 4963 Deo
1556 4900 1758 4963 farnulantium
1772 4900 1972 4986 perhennibm
1983 4902 2112 4987 posidet

533 5006 711 5089 temporibus
735 5007 763 5064 in
783 5008 960 5087 augmentis,
985 5028 1014 5065 ce
1036 5007 1085 5086 qai
1107 5028 1174 5065 noris
1195 5007 1286 5088 paruit
1309 5005 1569 5089 incomprehensible.
1586 5042 1627 5052 —-
1647 5004 1671 5057 fl
1690 5004 1839 5067 karissime
1861 5004 1894 5067 C.
1913 5038 1957 5053 -
1974 5004 2002 5059 bl
2019 5004 2112 5067 subiet

529 5109 638 5193 corriqe'
651 5106 731 5167 d'unc
747 5109 818 5168 main
831 5109 893 5192 plus
907 5110 1011 5169 re'ceutc
1028 5130 1060 5169 ert
1075 5130 1142 5167 suus
1158 5110 1189 5169 C.
1206 5146 1248 5154 --·
1265 5108 1293 5159 (ἢ)
1307 5107 1477 5169 clericonun
1493 5109 1525 5169 C.
1543 5144 1585 5156 -
1605 5108 1629 5163 fl
1643 5108 1770 5169 debeant
1786 5107 1819 5170 C.
1831 5142 1875 5157 -
1893 5106 2032 5169 lllcttncti
2046 5106 2113 5169 ostis

528 5235 583 5294 puer
594 5212 677 5272 C.-
693 5210 720 5263 u)
737 5213 829 5272 licum
844 5215 942 5294 quiete
958 5211 1040 5271 liceat
1056 5233 1172 5271 exorare
1188 5212 1254 5271 oriris
1267 5234 1322 5293 pur
1337 5214 1368 5272 C.
1381 5247 1424 5258 -
1437 5212 1459 5263 (Ι)
1470 5213 1512 5273 La
1513 5214 1559 5297 jin
1572 5211 1605 5271 dc
1617 5212 1711 5281 l'uctc,
1722 5214 1740 5271 ci
1752 5212 1845 5295 partit
1852 5210 1882 5273 δ’
1881 5211 1933 5283 ici,
1945 5234 1965 5273 ι
1978 5210 2022 5273 c'tc'
2031 5210 2116 5273 outae

527 5338 578 5395 par
600 5316 637 5383 ll,
655 5318 721 5375 vitais
739 5337 791 5374 une
808 5318 879 5373 main
892 5314 928 5374 du
943 5323 993 5374 κν·
1009 5338 1031 5374 s.
1049 5315 1085 5373 l'n
1101 5314 1190 5399 copie'c
1202 5314 1268 5376 duna
1281 5316 1308 5375 ln
1327 5338 1419 5397 resurge
1431 5314 1585 5398 insitiens-c.
1601 5352 1643 5363 --
1658 5314 1694 5369 (¹)
1708 5312 1929 5376 aucthotitatam
1944 5314 2055 5399 Birt!
2064 5316 2111 5397 a).
