5084 6434
493 717 536 786 rc
1136 713 1412 787 cornuae.
1958 714 2070 814 [9⁵⁵]

537 890 785 989 (Garamanta.)
804 895 842 963 ln
854 889 881 946 u)
897 897 1037 963 nomine
1054 908 1186 964 sanctae
1207 908 1242 963 et
1261 892 1455 965 individuae
1469 894 1654 965 Trinitatis.
1669 893 1796 965 Divina
1816 908 1990 965 annuente
2002 894 2071 965 cle·

486 1018 628 1096 mentia,
644 1015 839 1097 botharius,
856 1015 1068 1087 Francorum
1081 1040 1148 1085 rex.
1163 1015 1199 1085 si
1210 1040 1291 1096 nos,
1308 1019 1368 1112 qui
1380 1019 1470 1112 regia
1485 1019 1659 1113 majestate
1669 1018 1920 1112 premincanus,
1937 1031 2072 1086 sanem

487 1138 546 1207 l)ei
568 1137 725 1209 ecclesiae
745 1136 1029 1235 oportunitatibus
1048 1137 1267 1235 providemus
1283 1153 1316 1209 et
1336 1154 1413 1209 vota
1431 1137 1601 1220 fidelium,
1618 1163 1704 1236 quae
1721 1136 1912 1208 offeruntur
1932 1135 1977 1209 ad
1995 1137 2071 1208 loca

485 1275 693 1341 sanctorum,
710 1260 827 1355 regalis
847 1263 1052 1331 auctoritatis
1077 1261 1269 1330 munimine
1296 1258 1494 1331 roborantes
1518 1260 1778 1342 confirmamus,
1801 1263 1926 1330 aeterni
1948 1259 2068 1356 pmcul

446 1391 462 1441 5
484 1380 591 1452 dubio
613 1385 698 1477 regis
725 1408 786 1452 nos
808 1380 889 1452 inde
910 1396 1149 1452 consecuturos
1171 1407 1346 1478 speramus
1368 1385 1509 1478 gratiam
1536 1385 1828 1453 remunerationis.
1851 1379 2070 1480 Quapropter

484 1503 525 1574 ad
546 1507 781 1574 universorum
798 1502 950 1574 fidelium
967 1519 1177 1585 nostrorum,
1193 1519 1264 1574 tam
1278 1508 1487 1600 presentium
1503 1504 1628 1575 scilicet
1644 1529 1748 1601 quam
1764 1501 1975 1585 futurorum,
1991 1527 2068 1600 per·
2159 1528 2163 1538 ·

485 1629 598 1697 venire
612 1626 771 1696 volumus
791 1625 994 1697 industriam
1015 1629 1180 1722 quoniam
1197 1625 1315 1722 llugo,
1334 1625 1403 1697 dur
1420 1626 1555 1697 inclitus
1572 1640 1848 1707 noster‚·necnon
1867 1628 1969 1696 etiam
1986 1625 2070 1696 leo
2114 1623 2120 1634 ’

484 1747 594 1819 toldus
605 1747 646 1828 rt,
658 1748 853 1844 Burgundie
863 1773 993 1829 comes,
1005 1748 1146 1819 dilectus
1156 1762 1188 1818 et
1198 1747 1413 1819 fidelissimus
1422 1747 1538 1831 nobis,
1550 1764 1700 1819 nostram
1715 1747 1891 1817 humiliter
1898 1747 2068 1843 deprecati

391 1904 397 1915 ·
484 1886 562 1941 sunt
583 1874 708 1967 regiam
727 1870 977 1951 celsitudinem,
999 1873 1158 1967 quatinus
1179 1870 1362 1941 venerabili
1384 1869 1498 1941 abbati
1519 1865 1730 1942 Hamardott
1750 1873 1854 1941 sancti
1877 1868 1964 1940 Petri
1987 1869 2068 1942 Clu·

430 2028 462 2061 20
484 1997 606 2063 niensis
631 1992 786 2064 coenobii
807 2008 840 2063 et
864 1991 1023 2062 fratribus
1045 1996 1149 2089 ipsius
1173 1995 1262 2087 regie
1283 1996 1488 2064 auctoritatis
1510 1993 1685 2064 decretum
1710 1992 1783 2061 lieri
1803 1990 2005 2087 juberemus
2028 2018 2067 2061 ex

483 2114 583 2186 rebus
593 2115 717 2186 scilicet
732 2141 903 2185 sacrorum
919 2114 1072 2184 locorum
1079 2111 1104 2166 (⁸¹
1114 2118 1281 2212 preceptis
1290 2114 1458 2210 regalibus
1468 2130 1545 2186 ante
1555 2118 1735 2194 concessis,
1745 2119 1884 2210 insuper
1898 2128 1931 2184 et
1945 2115 2067 2209 regalia

483 2263 601 2307 eorum
624 2236 755 2307 decreta
776 2252 889 2307 nostra
911 2235 1143 2307 munificentia
1167 2235 1475 2336 corroboraremus.
1498 2237 1658 2326 Quorum
1681 2235 1901 2334 petitionibus
1922 2234 2067 2332 benigne

483 2384 653 2429 assensum
670 2357 861 2455 prebentes,
879 2362 966 2429 sicut
980 2384 1055 2429 mos
1070 2374 1117 2428 est
1132 2384 1250 2453 regum
1268 2374 1301 2429 et
1316 2358 1359 2430 ab
1374 2358 1598 2430 anterioribus
1613 2360 1822 2430 Francorum
1839 2355 1974 2451 regibus
1989 2383 2066 2454 pro-

435 2542 437 2547 .
483 2479 582 2550 batur
596 2480 697 2551 luisse
713 2476 959 2562 concomumll,
981 2481 1289 2576 salva-apostolica,
1307 2481 1351 2552 ad
1371 2507 1475 2577 quam
1495 2480 1587 2552 idern
1607 2480 1723 2552 fratres
1742 2483 1942 2576 respiciunt,
1961 2480 2068 2575 digni·

429 2612 461 2664 15
482 2618 564 2685 tate,
575 2601 778 2674 ordinamus
785 2628 846 2673 nos
855 2601 883 2656 (ἢ
896 2617 996 2698 atque
1014 2605 1250 2674 constituimus
1266 2618 1307 2674 ut
1325 2603 1501 2683 monachi,
1519 2607 1655 2699 propria
1667 2602 1828 2698 regvdaris
1840 2600 1971 2673 abbatis
1983 2603 2067 2673 elec

482 2728 573 2796 tione
601 2729 757 2807 nitentes,
783 2724 912 2822 absque
937 2724 1007 2796 ulla
1031 2725 1233 2795 secularium
1257 2724 1492 2822 inquietudine
1515 2727 1588 2796 Deo
1613 2724 1811 2795 deserviant.
1842 2725 2065 2794 Decernimus

481 2873 619 2944 quoque
645 2862 678 2918 et
704 2863 817 2918 nostra
843 2850 932 2943 regia
957 2850 1165 2917 institutione
1193 2851 1382 2919 sanccimus
1410 2863 1448 2918 ut
1480 2853 1514 2917 in
1549 2851 1668 2944 pn'mis
1695 2861 1842 2917 castrum
1870 2848 2064 2917 monasterii

480 2969 681 3041 omnimodo
703 2975 744 3040 sit
766 2974 921 3041 immune
948 2985 980 3040 et
1006 2969 1070 3040 sub
1094 2969 1221 3040 ditione
1249 2995 1368 3041 eorum
1397 2969 1502 3040 libere
1526 2972 1747 3040 constitutum
1774 2968 1957 3065 nullusque
1978 2971 2065 3040 intra

480 3097 592 3188 girum
607 3097 680 3188 ejus
693 3092 746 3162 vel
766 3107 857 3162 extra
874 3090 1061 3186 quamlibet
1077 3090 1295 3186 judiciariam
1318 3107 1466 3162 exerceat
1491 3107 1691 3188 potestatem
1713 3106 1830 3163 contm
1853 3090 2063 3161 voluntatem

424 3241 459 3276 το
480 3218 643 3309 ipsorum.
663 3213 747 3285 Ville
765 3212 934 3308 siquidem
961 3238 1048 3308 quae
1071 3210 1198 3282 ibidem
1221 3211 1264 3281 ab
1295 3212 1570 3285 antecedentibus
1592 3211 1727 3308 regibus
1750 3217 1819 3282 sive
1829 3209 1859 3264 θ’)
1877 3238 1898 3282 a
1915 3214 2064 3307 genitore

481 3350 594 3405 nostro
615 3335 744 3405 domno
764 3334 955 3404 illudovico
975 3358 1051 3428 rege
1068 3334 1208 3430 aliisque
1226 3333 1384 3406 fidelibus
1401 3332 1521 3406 tradite
1539 3350 1631 3415 sunt,
1650 3335 1702 3405 vel
1721 3338 1822 3405 etiam
1837 3334 1910 3405 loca
1928 3332 2065 3405 diversis

481 3454 631 3550 partibus
649 3459 725 3536 sita,
747 3453 782 3524 id
801 3471 849 3525 est
868 3455 1038 3535 Cavinias,
1058 3454 1287 3527 Karilocumll
1308 3462 1567 3538 monasterium,
1585 3454 1875 3536 Solestriacumll,
1891 3453 2063 3527 abbatiam

479 3581 584 3648 sancti
602 3577 767 3649 lobannis
789 3591 822 3647 et
843 3580 946 3647 sancti
975 3577 1111 3648 Martini
1140 3579 1310 3677 simulque.
1332 3595 1440 3650 cetera
1464 3578 1676 3675 ubicumque
1700 3579 1854 3650 locorum
1874 3593 1964 3650 term
1987 3603 2064 3674 pru·

480 3703 627 3794 prietatis
643 3703 812 3796 ipsorum,
831 3725 919 3795 quae
936 3703 971 3769 in
989 3714 1059 3771 toto
1077 3725 1181 3795 regno
1196 3717 1310 3772 nostro
1328 3701 1462 3772 videtur
1479 3728 1549 3772 esse
1559 3698 1587 3754 a)
1604 3704 1797 3798 conjacens‚
1813 3701 1858 3771 ab
1875 3704 1974 3770 eisin
1989 3726 2063 3797 per-

424 3841 457 3892 at
479 3839 580 3918 petuo
590 3818 615 3874 (Ι)
636 3837 789 3893 teneatur
810 3849 849 3892 ac
871 3820 969 3892 lirma
992 3823 1167 3893 stabilitate
1190 3838 1220 3894 et
1243 3851 1359 3895 secura
1384 3823 1536 3895 libertate
1563 3822 1784 3920 possideatur,
1814 3826 1925 3919 sitque
1950 3826 2063 3893 omnis

478 3971 597 4016 eorum
614 3949 779 4042 possessio
791 3942 834 4014 ab
855 3949 950 4015 ornni
966 3959 1118 4016 extranee
1134 3949 1305 4044 potestatis
1318 3950 1488 4017 exactione
1503 3949 1727 4042 universaque
1741 3949 1912 4042 questoria
1933 3947 2062 4016 ratione

478 4071 639 4137 immunis
657 4083 688 4137 ot
704 4064 852 4137 liberat-l
867 4071 901 4135 in
918 4091 1019 4136 omne
1036 4083 1184 4163 tempus,
1202 4072 1287 4138 sicut
1304 4071 1339 4137 in
1358 4068 1538 4164 privilegiis
1554 4094 1675 4139 eorum
1694 4072 1896 4149 continetur,
1918 4092 2008 4164 quae
2029 4081 2062 4138 et

478 4215 538 4258 uos
561 4214 699 4285 quoque
719 4213 921 4258 renovamus
943 4203 974 4257 et
997 4187 1250 4259 confirmamus.
1275 4189 1350 4260 Hoc
1369 4194 1469 4260 etiam
1488 4187 1610 4259 addere
1629 4190 1771 4285 placuit,
1790 4205 1829 4259 ut
1846 4193 1880 4259 in
1899 4185 2061 4260 omnibus

477 4309 535 4380 ubi
559 4335 738 4405 regnamus
746 4306 774 4362 l'l
791 4310 873 4380 locis
891 4310 947 4407 [et]
970 4310 1089 4406 prelati
1112 4310 1228 4381 iratres
1249 4310 1378 4408 aliquid
1398 4311 1523 4383 habere
1542 4313 1711 4393 videntur,
1734 4313 1871 4383 firmam
1893 4313 2060 4381 emunita-

420 4445 455 4493 ssto
478 4449 543 4502 tem
562 4431 707 4502 habeant
725 4448 757 4502 et
773 4430 927 4503 liberam·
937 4447 1146 4528 exequantur
1161 4433 1430 4505 dominationem
1453 4435 1635 4533 nullusque
1661 4439 1819 4515 omnino,
1849 4450 1908 4504 aut
1926 4459 1984 4504 rex
2003 4447 2060 4504 aut

480 4559 672 4652 opiscopus,
696 4581 809 4626 comes
832 4580 969 4652 quoque
996 4557 1063 4624 sive
1083 4559 1332 4653 cujuscumque
1351 4553 1607 4627 subintroducte
1626 4582 1790 4655 personae
1813 4552 2060 4627 inconsiderata

476 4676 614 4747 audacia
628 4676 768 4773 aliquod
782 4676 1009 4773 prejudicium
1026 4678 1075 4747 vel
1091 4676 1278 4774 quamlibet
1292 4677 1440 4749 indebite
1458 4683 1685 4775 oppressionis
1700 4680 1895 4750 violentiam
1913 4680 2059 4749 inomni

521 4890 541 4939 ³2¹
565 4888 611 4948 Aa
632 4888 764 4950 chrismon
783 4901 843 4949 sont
859 4889 993 4950 attoclts'es
1011 4912 1043 4950 en
1065 4890 1091 4952 B
1111 4888 1155 4950 dea
1172 4903 1245 4950 actes
1262 4890 1423 4951 timaieaaes
1440 4888 1574 4973 iffarares.
1591 4888 1630 4948 Ca
1651 4887 1786 4947 chrismon
1805 4890 1873 4949 omis
1891 4910 1947 4972 par
1966 4887 2000 4950 C.
2016 4922 2060 4935 -

483 4992 500 5033 '’ss
525 4992 600 5051 :l'ora
614 4993 720 5052 scirem
735 4990 934 5075 lcuboprapbe
945 4990 979 5052 de
991 4992 1033 5061 B,
1046 4992 1115 5077 aas
1122 4990 1270 5053 indication
1284 4993 1429 5054 wambe.
1447 5026 1485 5041 -
1502 4991 1527 5046 l‘l
1549 4989 1706 5051 leotoldus
1718 4989 1750 5053 C.
1766 5025 1809 5038 -
1824 4988 1853 5046 (a)
1875 4989 2017 5052 Aimardo
2024 4990 2057 5053 G.

473 5130 514 5142 -
531 5093 552 5146 r}
575 5116 654 5154 sacro
667 5093 731 5155 loco
746 5093 778 5155 C.
791 5128 833 5142 -
849 5091 872 5148 (ὓ
893 5116 1070 5155 concensum
1083 5094 1115 5155 C.
1128 5129 1170 5142 -
1185 5095 1213 5150 tt)
1235 5118 1289 5157 nos
1305 5098 1373 5157 omis
1385 5119 1439 5181 par
1456 5094 1490 5158 C.
1506 5129 1548 5143 -
1564 5092 1592 5148 (a)
1615 5105 1682 5154 suut
1694 5094 1729 5155 B.
1743 5127 1786 5142 ·-
1801 5094 1823 5138 ω
1845 5093 2011 5156 Carilocum
2023 5092 2056 5155 C.

474 5233 515 5245 -
530 5198 551 5239 ὓ)
574 5196 780 5258 solustriacum
796 5196 828 5258 C.
844 5229 886 5245 -
902 5195 928 5241 ω
950 5203 1010 5257 esse
1022 5197 1089 5258 omis
1104 5221 1159 5281 par
1170 5199 1206 5260 B.
1219 5199 1298 5247 „tt
1319 5200 1357 5261 ab
1377 5201 1418 5261 eis
1432 5208 1499 5283 jure
1515 5201 1616 5282 quieto
1634 5196 1666 5259 C.
1681 5231 1725 5246 --
1740 5197 1774 5241 ῑ··)
1796 5196 1945 5260 liberrirm
1966 5197 2000 5260 C.
2013 5229 2058 5247 -

481 5301 499 5342 ”²
521 5300 572 5360 ubi
584 5300 634 5360 ubi
651 5301 732 5381 regni
749 5301 838 5359 nostri
853 5299 885 5362 C.
